<collection>
<record xmlns="http://www.loc.gov/MARC21/slim" xmlns:xsi="http://www.w3.org/2001/XMLSchema-instance" xsi:schemaLocation="http://www.loc.gov/MARC21/slim http://www.loc.gov/standards/marcxml/schema/MARC21slim.xsd">
<leader>00000cam a2200553 a 4500</leader>
<controlfield tag="FMT">BK</controlfield>
<controlfield tag="LDR">00000cam a2200553 a 4500</controlfield>
<controlfield tag="001">002708091</controlfield>
<controlfield tag="003">OCoLC</controlfield>
<controlfield tag="005">20180709145004.0</controlfield>
<controlfield tag="008">730220s1973    nyua          001 0 eng</controlfield>
<datafield tag="010" ind1=" " ind2=" ">
<subfield code="a">72011363</subfield>
</datafield>
<datafield tag="016" ind1="7" ind2=" ">
<subfield code="a">013844802</subfield>
<subfield code="2">Uk</subfield>
</datafield>
<datafield tag="020" ind1=" " ind2=" ">
<subfield code="a">0060674113</subfield>
</datafield>
<datafield tag="020" ind1=" " ind2=" ">
<subfield code="a">9780060674113</subfield>
</datafield>
<datafield tag="035" ind1=" " ind2=" ">
<subfield code="a">(OCoLC)588944</subfield>
<subfield code="z">(OCoLC)1021296144</subfield>
</datafield>
<datafield tag="040" ind1=" " ind2=" ">
<subfield code="a">DLC</subfield>
<subfield code="b">eng</subfield>
<subfield code="c">DLC</subfield>
<subfield code="d">NLGGC</subfield>
<subfield code="d">BTCTA</subfield>
<subfield code="d">LVB</subfield>
<subfield code="d">MQW</subfield>
<subfield code="d">UKMGB</subfield>
<subfield code="d">OCLCO</subfield>
<subfield code="d">OCLCF</subfield>
<subfield code="d">OCLCQ</subfield>
<subfield code="d">MXL</subfield>
<subfield code="d">RCT</subfield>
<subfield code="d">S3O</subfield>
<subfield code="d">J9U</subfield>
<subfield code="d">ZYU</subfield>
</datafield>
<datafield tag="050" ind1="0" ind2="0">
<subfield code="a">BS2860.S42</subfield>
<subfield code="b">S55 1973</subfield>
</datafield>
<datafield tag="079" ind1=" " ind2=" ">
<subfield code="a">(OCoLC)588944</subfield>
</datafield>
<datafield tag="082" ind1="0" ind2="0">
<subfield code="a">229/.8</subfield>
</datafield>
<datafield tag="084" ind1=" " ind2=" ">
<subfield code="a">11.37</subfield>
<subfield code="2">bcl</subfield>
</datafield>
<datafield tag="100" ind1="1" ind2=" ">
<subfield code="a">Smith, Morton,</subfield>
<subfield code="d">1915-1991.</subfield>
</datafield>
<datafield tag="245" ind1="1" ind2="4">
<subfield code="a">The secret gospel :</subfield>
<subfield code="b">the discovery and interpretation of the Secret Gospel according to Mark /</subfield>
<subfield code="c">Morton Smith.</subfield>
</datafield>
<datafield tag="250" ind1=" " ind2=" ">
<subfield code="a">[1st ed.].</subfield>
</datafield>
<datafield tag="260" ind1=" " ind2=" ">
<subfield code="a">New York :</subfield>
<subfield code="b">Harper &amp; Row</subfield>
<subfield code="c">[1973]</subfield>
</datafield>
<datafield tag="300" ind1=" " ind2=" ">
<subfield code="a">148</subfield>
<subfield code="b">illustrations ;</subfield>
<subfield code="c">22 cm</subfield>
</datafield>
<datafield tag="336" ind1=" " ind2=" ">
<subfield code="a">text</subfield>
<subfield code="b">txt</subfield>
<subfield code="2">rdacontent</subfield>
</datafield>
<datafield tag="337" ind1=" " ind2=" ">
<subfield code="a">unmediated</subfield>
<subfield code="b">n</subfield>
<subfield code="2">rdamedia</subfield>
</datafield>
<datafield tag="338" ind1=" " ind2=" ">
<subfield code="a">volume</subfield>
<subfield code="b">nc</subfield>
<subfield code="2">rdacarrier</subfield>
</datafield>
<datafield tag="500" ind1=" " ind2=" ">
<subfield code="a">ISAW copy is from the library of Nina Garso&#239;an.</subfield>
<subfield code="5">NyNyUAW</subfield>
</datafield>
<datafield tag="520" ind1=" " ind2=" ">
<subfield code="a">The author describes his stay at MarSaba and documents his findings on the content, validity, and significance of manuscript alluding to the secret gospel of St. Mark.</subfield>
</datafield>
<datafield tag="505" ind1="0" ind2=" ">
<subfield code="a">The preparation -- The discovery -- The problems -- The manuscript -- The letter -- The gospel: date and style -- The gospel: relation to John -- The gospel: content -- The secret tradition: introduction -- The mystery and the kingdom -- Jesus' relation to the kingdom -- The secret baptism -- The secret tradition: conclusion -- The history of the document.</subfield>
</datafield>
<datafield tag="504" ind1=" " ind2=" ">
<subfield code="a">Includes bibliographical references.</subfield>
</datafield>
<datafield tag="630" ind1="0" ind2="0">
<subfield code="a">Secret Gospel according to Mark.</subfield>
</datafield>
<datafield tag="600" ind1="0" ind2="0">
<subfield code="a">Clement,</subfield>
<subfield code="c">of Alexandria, Saint,</subfield>
<subfield code="d">approximately 150-approximately 215.</subfield>
</datafield>
<datafield tag="651" ind1=" " ind2="7">
<subfield code="a">Megiste Laura Saba.</subfield>
<subfield code="2">pleiades</subfield>
<subfield code="0">https://pleiades.stoa.org/places/687969</subfield>
</datafield>
<datafield tag="630" ind1="0" ind2="6">
<subfield code="a">&#201;vangile secret de Marc.</subfield>
</datafield>
<datafield tag="630" ind1="0" ind2="7">
<subfield code="a">Secret Gospel according to Mark.</subfield>
<subfield code="2">fast</subfield>
<subfield code="0">(OCoLC)fst01357980</subfield>
</datafield>
<datafield tag="630" ind1="0" ind2="7">
<subfield code="a">Bibeln.</subfield>
<subfield code="p">N.T.</subfield>
<subfield code="p">Markusevangeliet</subfield>
<subfield code="x">analys och tolkning.</subfield>
<subfield code="2">sao</subfield>
</datafield>
<datafield tag="630" ind1="0" ind2="4">
<subfield code="a">Secret Gospel according to Mark.</subfield>
</datafield>
<datafield tag="600" ind1="0" ind2="4">
<subfield code="a">Clement,</subfield>
<subfield code="c">of Alexandria, Saint,</subfield>
<subfield code="d">approximately 150-approximately 215.</subfield>
</datafield>
<datafield tag="650" ind1="1" ind2="7">
<subfield code="a">Geheime evangelie van Marcus (apocrief)</subfield>
<subfield code="2">gtt</subfield>
</datafield>
<datafield tag="700" ind1="1" ind2=" ">
<subfield code="a">Garso&#239;an, Nina G.,</subfield>
<subfield code="d">1923-</subfield>
<subfield code="e">former owner.</subfield>
<subfield code="5">NyNyUAW</subfield>
</datafield>
<datafield tag="740" ind1="0" ind2=" ">
<subfield code="a">Garso&#239;an Collection.</subfield>
<subfield code="5">NyNyUAW</subfield>
</datafield>
<datafield tag="856" ind1="4" ind2="2">
<subfield code="3">Contributor biographical information</subfield>
<subfield code="u">http://catdir.loc.gov/catdir/enhancements/fy0911/72011363-b.html</subfield>
</datafield>
<datafield tag="856" ind1="4" ind2="2">
<subfield code="3">Publisher description</subfield>
<subfield code="u">http://catdir.loc.gov/catdir/description/hc044/72011363.html</subfield>
</datafield>
<datafield tag="OWN" ind1=" " ind2=" ">
<subfield code="a">GENERAL</subfield>
</datafield>
<datafield tag="950" ind1=" " ind2=" ">
<subfield code="l">BMAIN</subfield>
<subfield code="a">BS2860.S42</subfield>
<subfield code="b">S55 1973</subfield>
<subfield code="i">06/03/85 C</subfield>
</datafield>
<datafield tag="955" ind1=" " ind2=" ">
<subfield code="l">BMAIN</subfield>
<subfield code="c">1</subfield>
<subfield code="q">85B18350-1</subfield>
<subfield code="r">011000273</subfield>
<subfield code="i">06/03/85 C</subfield>
</datafield>
<datafield tag="AVA" ind1=" " ind2=" ">
<subfield code="a">NYU50</subfield>
<subfield code="b">BOBST</subfield>
<subfield code="c">Main Collection</subfield>
<subfield code="d">BS2860.S42 S55 1973</subfield>
<subfield code="e">unavailable</subfield>
<subfield code="t">Unavailable</subfield>
<subfield code="f">2</subfield>
<subfield code="g">2</subfield>
<subfield code="h">N</subfield>
<subfield code="i">1</subfield>
<subfield code="j">MAIN</subfield>
<subfield code="k">0</subfield>
</datafield>
<datafield tag="AVA" ind1=" " ind2=" ">
<subfield code="a">NYU50</subfield>
<subfield code="b">NISAW</subfield>
<subfield code="c">Small Collection</subfield>
<subfield code="d">BS 2860 .S42 S55 1973 Non-circulating</subfield>
<subfield code="e">available</subfield>
<subfield code="t">Available</subfield>
<subfield code="f">1</subfield>
<subfield code="g">0</subfield>
<subfield code="h">N</subfield>
<subfield code="i">0</subfield>
<subfield code="j">SMALL</subfield>
</datafield>
<datafield tag="AVA" ind1=" " ind2=" ">
<subfield code="a">NYU50</subfield>
<subfield code="b">TNSFO</subfield>
<subfield code="c">Main Collection</subfield>
<subfield code="d">BS2860.S42 S55 1973</subfield>
<subfield code="e">available</subfield>
<subfield code="t">Available</subfield>
<subfield code="f">1</subfield>
<subfield code="g">0</subfield>
<subfield code="h">N</subfield>
<subfield code="i">2</subfield>
<subfield code="j">MAIN</subfield>
<subfield code="k">0</subfield>
</datafield>
</record>