<record xmlns="http://www.loc.gov/MARC21/slim" xmlns:xsi="http://www.w3.org/2001/XMLSchema-instance" xsi:schemaLocation="http://www.loc.gov/MARC21/slim http://www.loc.gov/standards/marcxml/schema/MARC21slim.xsd">
<leader>     cam a2200385 a 45M</leader>
<controlfield tag="FMT">BK</controlfield>
<controlfield tag="LDR">     cam a2200385 a 45M</controlfield>
<controlfield tag="001">002630683</controlfield>
<controlfield tag="003">NNU</controlfield>
<controlfield tag="005">19940713181853.0</controlfield>
<controlfield tag="008">821213s1981    cauaf    b    000 0 eng</controlfield>
<datafield tag="010" ind1=" " ind2=" ">
<subfield code="a">80054671</subfield>
</datafield>
<datafield tag="020" ind1=" " ind2=" ">
<subfield code="a">0890030677</subfield>
</datafield>
<datafield tag="020" ind1=" " ind2=" ">
<subfield code="a">0890030685 (pbk.)</subfield>
</datafield>
<datafield tag="035" ind1="9" ind2=" ">
<subfield code="a">NYUb10314604</subfield>
</datafield>
<datafield tag="035" ind1=" " ind2=" ">
<subfield code="a">GLIS003146042</subfield>
</datafield>
<datafield tag="035" ind1=" " ind2=" ">
<subfield code="a">(CStRLIN)NYUG82-B32037</subfield>
</datafield>
<datafield tag="043" ind1=" " ind2=" ">
<subfield code="a">a-iq---</subfield>
</datafield>
<datafield tag="050" ind1="0" ind2=" ">
<subfield code="a">GN776.32.I73</subfield>
<subfield code="b">S64 1981</subfield>
</datafield>
<datafield tag="079" ind1=" " ind2=" ">
<subfield code="a">(OCoLC)7953101</subfield>
</datafield>
<datafield tag="082" ind1="0" ind2=" ">
<subfield code="a">935/.04</subfield>
<subfield code="2">19</subfield>
</datafield>
<datafield tag="090" ind1=" " ind2=" ">
<subfield code="i">07/08/93 CT</subfield>
<subfield code="h">12/13/82 CT</subfield>
</datafield>
<datafield tag="100" ind1="1" ind2=" ">
<subfield code="a">Solecki, Rose L.</subfield>
</datafield>
<datafield tag="245" ind1="1" ind2="3">
<subfield code="a">An early village site at Zawi Chemi Shanidar /</subfield>
<subfield code="c">by Rose L. Solecki.</subfield>
</datafield>
<datafield tag="260" ind1=" " ind2=" ">
<subfield code="a">Malibu, CA :</subfield>
<subfield code="b">Undena Publications,</subfield>
<subfield code="c">1980 [i.e. 1981]</subfield>
</datafield>
<datafield tag="300" ind1=" " ind2=" ">
<subfield code="a">85</subfield>
<subfield code="b">ill. ;</subfield>
<subfield code="c">29 cm.</subfield>
</datafield>
<datafield tag="490" ind1="1" ind2=" ">
<subfield code="a">Bibliotheca Mesopotamica ;</subfield>
<subfield code="v">v. 13</subfield>
</datafield>
<datafield tag="500" ind1=" " ind2=" ">
<subfield code="a">Title on spine: Zawi Chemi Shanidar.</subfield>
</datafield>
<datafield tag="504" ind1=" " ind2=" ">
<subfield code="a">Bibliography: p. [81]-85.</subfield>
</datafield>
<datafield tag="651" ind1=" " ind2="0">
<subfield code="a">Zawi Chemi Shanidar Site (Iraq)</subfield>
</datafield>
<datafield tag="650" ind1=" " ind2="0">
<subfield code="a">Neolithic period</subfield>
<subfield code="z">Iraq</subfield>
<subfield code="z">Zawi Chemi Shanidar Site.</subfield>
</datafield>
<datafield tag="650" ind1=" " ind2="0">
<subfield code="a">Paleolithic period</subfield>
<subfield code="z">Iraq</subfield>
<subfield code="z">Zawi Chemi Shanidar Site.</subfield>
</datafield>
<datafield tag="740" ind1="0" ind2=" ">
<subfield code="a">Zawi Chemi Shanidar.</subfield>
</datafield>
<datafield tag="830" ind1=" " ind2="0">
<subfield code="a">Bibliotheca Mesopotamica ;</subfield>
<subfield code="v">v. 13.</subfield>
</datafield>
<datafield tag="OWN" ind1=" " ind2=" ">
<subfield code="a">GENERAL</subfield>
</datafield>
<datafield tag="950" ind1=" " ind2=" ">
<subfield code="l">BMAIN</subfield>
<subfield code="a">GN776.32.I73</subfield>
<subfield code="b">S64 1981</subfield>
<subfield code="h">12/13/82 C</subfield>
</datafield>
<datafield tag="950" ind1=" " ind2=" ">
<subfield code="l">IFAM</subfield>
<subfield code="a">GN776.32.I73</subfield>
<subfield code="b">S64 1981</subfield>
<subfield code="i">07/08/93 C</subfield>
</datafield>
<datafield tag="955" ind1=" " ind2=" ">
<subfield code="l">BMAIN</subfield>
<subfield code="c">1</subfield>
<subfield code="r">007493680</subfield>
<subfield code="h">12/13/82 C</subfield>
</datafield>
<datafield tag="955" ind1=" " ind2=" ">
<subfield code="l">IFAM</subfield>
<subfield code="c">1</subfield>
<subfield code="i">07/08/93 C</subfield>
</datafield>
<datafield tag="998" ind1=" " ind2=" ">
<subfield code="a">07/08/93</subfield>
<subfield code="t">c</subfield>
<subfield code="s">9110</subfield>
<subfield code="n">NNU</subfield>
<subfield code="w">DCLC8054671B</subfield>
<subfield code="d">12/13/82</subfield>
<subfield code="b">KY</subfield>
<subfield code="i">930708</subfield>
<subfield code="h">821213</subfield>
<subfield code="l">NYUG</subfield>
</datafield>
<datafield tag="AVA" ind1=" " ind2=" ">
<subfield code="a">NYU50</subfield>
<subfield code="b">BOBST</subfield>
<subfield code="c">Main Collection</subfield>
<subfield code="d">GN776.32.I73 S64 1981</subfield>
<subfield code="e">unavailable</subfield>
<subfield code="t">Unavailable</subfield>
<subfield code="f">1</subfield>
<subfield code="g">1</subfield>
<subfield code="h">N</subfield>
<subfield code="i">0</subfield>
<subfield code="j">MAIN</subfield>
<subfield code="k">0</subfield>
</datafield>
<datafield tag="AVA" ind1=" " ind2=" ">
<subfield code="a">NYU50</subfield>
<subfield code="b">NIFA</subfield>
<subfield code="c">Main Collection</subfield>
<subfield code="d">GN776.32.I73 S64 1981 Non-circulating</subfield>
<subfield code="e">unavailable</subfield>
<subfield code="t">Unavailable</subfield>
<subfield code="f">1</subfield>
<subfield code="g">1</subfield>
<subfield code="h">N</subfield>
<subfield code="i">0</subfield>
<subfield code="j">MAIN</subfield>
<subfield code="k">0</subfield>
</datafield>
<datafield tag="AVA" ind1=" " ind2=" ">
<subfield code="a">NYU50</subfield>
<subfield code="b">NISAW</subfield>
<subfield code="c">Large Collection</subfield>
<subfield code="d">GN776.32.I73 S64 1981</subfield>
<subfield code="e">available</subfield>
<subfield code="t">Available</subfield>
<subfield code="f">1</subfield>
<subfield code="g">0</subfield>
<subfield code="h">N</subfield>
<subfield code="i">0</subfield>
<subfield code="j">LARGE</subfield>
</datafield>
</record>