<record xmlns="http://www.loc.gov/MARC21/slim" xmlns:xsi="http://www.w3.org/2001/XMLSchema-instance" xsi:schemaLocation="http://www.loc.gov/MARC21/slim http://www.loc.gov/standards/marcxml/schema/MARC21slim.xsd">
<leader>00000cam a22     Ia 4500</leader>
<controlfield tag="FMT">BK</controlfield>
<controlfield tag="LDR">00000cam a22     Ia 4500</controlfield>
<controlfield tag="001">006249498</controlfield>
<controlfield tag="005">20180713090115.0</controlfield>
<controlfield tag="008">180713s2001    un a     b    101 0 rus d</controlfield>
<datafield tag="035" ind1=" " ind2=" ">
<subfield code="a">(OCoLC)57608973</subfield>
</datafield>
<datafield tag="040" ind1=" " ind2=" ">
<subfield code="a">HLS</subfield>
<subfield code="b">eng</subfield>
<subfield code="c">HLS</subfield>
<subfield code="d">OCLCQ</subfield>
<subfield code="d">OCLCO</subfield>
<subfield code="d">OCLCQ</subfield>
<subfield code="d">OCLCF</subfield>
<subfield code="d">ZYU</subfield>
</datafield>
<datafield tag="043" ind1=" " ind2=" ">
<subfield code="a">e-un---</subfield>
</datafield>
<datafield tag="050" ind1=" " ind2="4">
<subfield code="a">AM70.U383</subfield>
<subfield code="b">K47 2001</subfield>
</datafield>
<datafield tag="111" ind1="2" ind2=" ">
<subfield code="6">880-01</subfield>
<subfield code="a">Mezhdunarodnai&#65056;a&#65057; konferent&#65056;s&#65057;ii&#65056;a&#65057; "175 let Kerchesnkomu muzei&#65056;u&#65057; drevnostei&#774;"</subfield>
<subfield code="d">(2001 :</subfield>
<subfield code="c">Kerch (Ukraine))</subfield>
</datafield>
<datafield tag="245" ind1="1" ind2="0">
<subfield code="6">880-02</subfield>
<subfield code="a">175 let Kerchenskomu muzei&#65056;u&#65057; drevnostei&#774; :</subfield>
<subfield code="b">materialy mezhdunarodnoi&#774; konferent&#65056;s&#65057;ii (27-28 ii&#65056;u&#65057;li&#65056;a&#65057;a 2001 g.), Kerch /</subfield>
<subfield code="c">[glav. red. P.I. Ivanenko].</subfield>
</datafield>
<datafield tag="246" ind1="3" ind2="0">
<subfield code="a">Sto sem&#697;desi&#65056;a&#65057;t pi&#65056;a&#65057;t let Kerchenskomu muzei&#65056;u&#65057; drevnostei&#774; :</subfield>
<subfield code="b">materialy mezhdunarodnoi&#774; konferent&#65056;s&#65057;ii (27-28 ii&#65056;u&#65057;li&#65056;a&#65057; 2001 g.), Kerch</subfield>
</datafield>
<datafield tag="246" ind1="3" ind2="0">
<subfield code="a">Mezhdunarodnai&#65056;a&#65057; konferent&#65056;s&#65057;ii&#65056;a&#65057; "175 let Kerchenskomu muzei&#65056;u&#65057; drevnostei&#774;:</subfield>
<subfield code="b">materialy mezhdunarodnoi&#774; konferent&#65056;s&#65057;ii (27-28 ii&#65056;u&#65057;li&#65056;a&#65057; 2001 g.), Kerch</subfield>
</datafield>
<datafield tag="260" ind1=" " ind2=" ">
<subfield code="6">880-03</subfield>
<subfield code="a">Kerch&#697; :</subfield>
<subfield code="b">Kerchenskii&#774; Istoriko-Kul&#697;turnyi&#774; Zapovednik,</subfield>
<subfield code="c">2001.</subfield>
</datafield>
<datafield tag="300" ind1=" " ind2=" ">
<subfield code="a">218 pages :</subfield>
<subfield code="b">illustrations</subfield>
</datafield>
<datafield tag="336" ind1=" " ind2=" ">
<subfield code="a">text</subfield>
<subfield code="b">txt</subfield>
<subfield code="2">rdacontent</subfield>
</datafield>
<datafield tag="337" ind1=" " ind2=" ">
<subfield code="a">unmediated</subfield>
<subfield code="b">n</subfield>
<subfield code="2">rdamedia</subfield>
</datafield>
<datafield tag="338" ind1=" " ind2=" ">
<subfield code="a">volume</subfield>
<subfield code="b">nc</subfield>
<subfield code="2">rdacarrier</subfield>
</datafield>
<datafield tag="500" ind1=" " ind2=" ">
<subfield code="6">880-04</subfield>
<subfield code="a">At head of title: Kerchenskii&#774; Istoriko-Kul&#697;turnyi&#774; Zapovednik. Blagotvoritel&#697;nyi&#774; fond Demetra. Ministerstvo kul&#697;tury Respubliki Krym.</subfield>
</datafield>
<datafield tag="500" ind1=" " ind2=" ">
<subfield code="a">ISAW copy is from the library of Aleksandr Leskov.</subfield>
<subfield code="5">NyNyUAW</subfield>
</datafield>
<datafield tag="504" ind1=" " ind2=" ">
<subfield code="a">Includes bibliographical references and index.</subfield>
</datafield>
<datafield tag="610" ind1="2" ind2="0">
<subfield code="a">Kerchenskii&#774; muzei&#774; drevnostei&#774;</subfield>
<subfield code="x">History.</subfield>
</datafield>
<datafield tag="650" ind1=" " ind2="0">
<subfield code="a">Museums</subfield>
<subfield code="z">Ukraine</subfield>
<subfield code="z">Kerch.</subfield>
</datafield>
<datafield tag="650" ind1=" " ind2="0">
<subfield code="a">Museums</subfield>
<subfield code="z">Ukraine</subfield>
<subfield code="x">History.</subfield>
</datafield>
<datafield tag="651" ind1=" " ind2="0">
<subfield code="a">Kerch (Ukraine)</subfield>
<subfield code="x">History.</subfield>
</datafield>
<datafield tag="700" ind1="1" ind2=" ">
<subfield code="6">880-05</subfield>
<subfield code="a">Ivanenko, P.I.,</subfield>
<subfield code="e">editor.</subfield>
</datafield>
<datafield tag="710" ind1="2" ind2=" ">
<subfield code="6">880-06</subfield>
<subfield code="a">Kerchens&#697;kyi&#774; istoryko-kul&#697;turnyi&#774; zapovidnyk,</subfield>
<subfield code="e">issuing body.</subfield>
</datafield>
<datafield tag="700" ind1="1" ind2=" ">
<subfield code="a">Leskov, Aleksandr Mikha&#301;lovich,</subfield>
<subfield code="e">former owner.</subfield>
<subfield code="5">NyNyUAW</subfield>
</datafield>
<datafield tag="740" ind1="0" ind2=" ">
<subfield code="a">Leskov Collection.</subfield>
<subfield code="5">NyNyUAW</subfield>
</datafield>
<datafield tag="880" ind1="2" ind2=" ">
<subfield code="6">111-01/</subfield>
<subfield code="a">&#1052;&#1077;&#1078;&#1076;&#1091;&#1085;&#1072;&#1088;&#1086;&#1076;&#1085;&#1072;&#1103; &#1082;&#1086;&#1085;&#1092;&#1077;&#1088;&#1077;&#1085;&#1094;&#1080;&#1103; "175 &#1083;&#1077;&#1090; &#1050;&#1077;&#1088;&#1095;&#1077;&#1089;&#1085;&#1082;&#1086;&#1084;&#1091; &#1084;&#1091;&#1079;&#1077;&#1102; &#1076;&#1088;&#1077;&#1074;&#1085;&#1086;&#1089;&#1090;&#1077;&#1081;"</subfield>
<subfield code="d">(2001 :</subfield>
<subfield code="c">&#1050;&#1077;&#1088;&#1095;&#1100; (&#1059;&#1082;&#1088;&#1072;&#1080;&#1085;a))</subfield>
</datafield>
<datafield tag="880" ind1="1" ind2="0">
<subfield code="6">245-02/</subfield>
<subfield code="a">175 &#1083;&#1077;&#1090; &#1050;&#1077;&#1088;&#1095;&#1077;&#1085;&#1089;&#1082;&#1086;&#1084;&#1091; &#1084;&#1091;&#1079;&#1077;&#1102; &#1076;&#1088;&#1077;&#1074;&#1085;&#1086;&#1089;&#1090;&#1077;&#1081; :</subfield>
<subfield code="b">&#1084;&#1072;&#1090;&#1077;&#1088;&#1080;&#1072;&#1083;&#1099; &#1084;&#1077;&#1078;&#1076;&#1091;&#1085;&#1072;&#1088;&#1086;&#1076;&#1085;&#1086;&#1081; &#1082;&#1086;&#1085;&#1092;&#1077;&#1088;&#1077;&#1085;&#1094;&#1080;&#1080; (27-28 &#1080;&#1102;&#1083;&#1103;&#1072; 2001 &#1075;.), &#1050;&#1077;&#1088;&#1095;&#1100; /</subfield>
<subfield code="c">[&#1075;&#1083;&#1072;&#1074;. &#1088;&#1077;&#1076;. &#1055;.&#1048;. &#1048;&#1074;&#1072;&#1085;&#1077;&#1085;&#1082;&#1086;].</subfield>
</datafield>
<datafield tag="880" ind1=" " ind2=" ">
<subfield code="6">260-03/</subfield>
<subfield code="a">&#1050;&#1077;&#1088;&#1095;&#1100; :</subfield>
<subfield code="b">&#1050;&#1077;&#1088;&#1095;&#1077;&#1085;&#1089;&#1082;&#1080;&#1081; &#1048;&#1089;&#1090;&#1086;&#1088;&#1080;&#1082;&#1086;-&#1050;&#1091;&#1083;&#1100;&#1090;&#1091;&#1088;&#1085;&#1099;&#1081; &#1047;&#1072;&#1087;&#1086;&#1074;&#1077;&#1076;&#1085;&#1080;&#1082;,</subfield>
<subfield code="c">2001.</subfield>
</datafield>
<datafield tag="880" ind1=" " ind2=" ">
<subfield code="6">500-04/</subfield>
<subfield code="a">&#1040;t head of title: &#1050;&#1077;&#1088;&#1095;&#1077;&#1085;&#1089;&#1082;&#1080;&#1081; &#1048;&#1089;&#1090;&#1086;&#1088;&#1080;&#1082;&#1086;-&#1050;&#1091;&#1083;&#1100;&#1090;&#1091;&#1088;&#1085;&#1099;&#1081; &#1047;&#1072;&#1087;&#1086;&#1074;&#1077;&#1076;&#1085;&#1080;&#1082;. &#1041;&#1083;&#1072;&#1075;&#1086;&#1090;&#1074;&#1086;&#1088;&#1080;&#1090;&#1077;&#1083;&#1100;&#1085;&#1099;&#1081; &#1092;&#1086;&#1085;&#1076; &#1044;&#1077;&#1084;&#1077;&#1090;&#1088;&#1072;. &#1052;&#1080;&#1085;&#1080;&#1089;&#1090;&#1077;&#1088;&#1089;&#1090;&#1074;&#1086; &#1082;&#1091;&#1083;&#1100;&#1090;&#1091;&#1088;&#1099; &#1056;&#1077;&#1089;&#1087;&#1091;&#1073;&#1083;&#1080;&#1082;&#1080; &#1050;&#1088;&#1099;&#1084;.</subfield>
</datafield>
<datafield tag="880" ind1="1" ind2=" ">
<subfield code="6">700-05/</subfield>
<subfield code="a">&#1048;&#1074;&#1072;&#1085;&#1077;&#1085;&#1082;&#1086;, &#1055;.&#1048;.,</subfield>
<subfield code="e">&#1077;ditor.</subfield>
</datafield>
<datafield tag="880" ind1="2" ind2=" ">
<subfield code="6">710-06/</subfield>
<subfield code="a">&#1050;&#1077;&#1088;&#1095;&#1077;&#1085;&#1089;&#1082;&#1080;&#1081; &#1048;&#1089;&#1090;&#1086;&#1088;&#1080;&#1082;&#1086;-&#1050;&#1091;&#1083;&#1100;&#1090;&#1091;&#1088;&#1085;&#1099;&#1081; &#1047;&#1072;&#1087;&#1086;&#1074;&#1077;&#1076;&#1085;&#1080;&#1082;,</subfield>
<subfield code="e">issuing body.</subfield>
</datafield>
<datafield tag="OWN" ind1=" " ind2=" ">
<subfield code="a">GENERAL</subfield>
</datafield>
<datafield tag="AVA" ind1=" " ind2=" ">
<subfield code="a">NYU50</subfield>
<subfield code="b">NISAW</subfield>
<subfield code="c">Small Collection</subfield>
<subfield code="d">AM70.U383 K47 2001 Non-circulating</subfield>
<subfield code="e">unavailable</subfield>
<subfield code="t">Unavailable</subfield>
<subfield code="f">1</subfield>
<subfield code="g">1</subfield>
<subfield code="h">N</subfield>
<subfield code="i">0</subfield>
<subfield code="j">SMALL</subfield>
<subfield code="k">0</subfield>
</datafield>
</record>