<record xmlns="http://www.loc.gov/MARC21/slim" xmlns:xsi="http://www.w3.org/2001/XMLSchema-instance" xsi:schemaLocation="http://www.loc.gov/MARC21/slim http://www.loc.gov/standards/marcxml/schema/MARC21slim.xsd">
<leader>00000cam a22      i 4500</leader>
<controlfield tag="FMT">BK</controlfield>
<controlfield tag="LDR">00000cam a22      i 4500</controlfield>
<controlfield tag="001">006225010</controlfield>
<controlfield tag="005">20180713141742.0</controlfield>
<controlfield tag="008">180709s2017    gw       b    001 0 eng</controlfield>
<datafield tag="010" ind1=" " ind2=" ">
<subfield code="a">  2017427672</subfield>
</datafield>
<datafield tag="016" ind1="7" ind2=" ">
<subfield code="a">1071911546</subfield>
<subfield code="2">DE-101</subfield>
</datafield>
<datafield tag="020" ind1=" " ind2=" ">
<subfield code="a">9783161540189</subfield>
<subfield code="q">(pbk. ;</subfield>
<subfield code="q">alk. paper)</subfield>
</datafield>
<datafield tag="020" ind1=" " ind2=" ">
<subfield code="a">3161540182</subfield>
<subfield code="q">(pbk. ;</subfield>
<subfield code="q">alk. paper)</subfield>
</datafield>
<datafield tag="020" ind1=" " ind2=" ">
<subfield code="z">9783161540196</subfield>
<subfield code="q">(online)</subfield>
</datafield>
<datafield tag="024" ind1="3" ind2=" ">
<subfield code="a">9783161540189</subfield>
</datafield>
<datafield tag="035" ind1=" " ind2=" ">
<subfield code="a">(OCoLC)987750343</subfield>
<subfield code="z">(OCoLC)912383066</subfield>
<subfield code="z">(OCoLC)961907924</subfield>
<subfield code="z">(OCoLC)969981239</subfield>
</datafield>
<datafield tag="040" ind1=" " ind2=" ">
<subfield code="a">DLC</subfield>
<subfield code="b">eng</subfield>
<subfield code="e">rda</subfield>
<subfield code="c">DLC</subfield>
<subfield code="d">OHX</subfield>
<subfield code="d">PTS</subfield>
<subfield code="d">UBY</subfield>
<subfield code="d">OCLCF</subfield>
<subfield code="d">YDX</subfield>
<subfield code="d">STF</subfield>
<subfield code="d">OCLCO</subfield>
<subfield code="d">OCLCQ</subfield>
<subfield code="d">DHA</subfield>
<subfield code="d">NLGGC</subfield>
<subfield code="d">BTCTA</subfield>
<subfield code="d">YDXCP</subfield>
<subfield code="d">ERASA</subfield>
<subfield code="d">OCLCQ</subfield>
<subfield code="d">UWO</subfield>
</datafield>
<datafield tag="042" ind1=" " ind2=" ">
<subfield code="a">pcc</subfield>
</datafield>
<datafield tag="043" ind1=" " ind2=" ">
<subfield code="a">f-ua---</subfield>
<subfield code="a">e-gr---</subfield>
</datafield>
<datafield tag="050" ind1="0" ind2="0">
<subfield code="a">BF1591</subfield>
<subfield code="b">.P34 2017</subfield>
</datafield>
<datafield tag="072" ind1=" " ind2="7">
<subfield code="a">PA</subfield>
<subfield code="2">lcco</subfield>
</datafield>
<datafield tag="072" ind1=" " ind2="7">
<subfield code="a">BL</subfield>
<subfield code="2">lcco</subfield>
</datafield>
<datafield tag="072" ind1=" " ind2="7">
<subfield code="a">BF</subfield>
<subfield code="2">lcco</subfield>
</datafield>
<datafield tag="082" ind1="0" ind2="4">
<subfield code="a">133.430932</subfield>
<subfield code="2">23</subfield>
</datafield>
<datafield tag="100" ind1="1" ind2=" ">
<subfield code="a">Pachoumi, Eleni,</subfield>
<subfield code="d">1975-</subfield>
<subfield code="e">author.</subfield>
</datafield>
<datafield tag="245" ind1="1" ind2="4">
<subfield code="a">The concepts of the divine in the Greek magical papyri /</subfield>
<subfield code="c">Eleni Pachoumi.</subfield>
</datafield>
<datafield tag="264" ind1=" " ind2="1">
<subfield code="a">T&#252;bingen :</subfield>
<subfield code="b">Mohr Siebeck,</subfield>
<subfield code="c">[2017]</subfield>
</datafield>
<datafield tag="300" ind1=" " ind2=" ">
<subfield code="a">258</subfield>
<subfield code="c">24 cm.</subfield>
</datafield>
<datafield tag="336" ind1=" " ind2=" ">
<subfield code="a">text</subfield>
<subfield code="b">txt</subfield>
<subfield code="2">rdacontent</subfield>
</datafield>
<datafield tag="337" ind1=" " ind2=" ">
<subfield code="a">unmediated</subfield>
<subfield code="b">n</subfield>
<subfield code="2">rdamedia</subfield>
</datafield>
<datafield tag="338" ind1=" " ind2=" ">
<subfield code="a">volume</subfield>
<subfield code="b">nc</subfield>
<subfield code="2">rdacarrier</subfield>
</datafield>
<datafield tag="490" ind1="1" ind2=" ">
<subfield code="a">Studien und Texte zu Antike und Christentum,</subfield>
<subfield code="x">1436-3003 ;</subfield>
<subfield code="v">102</subfield>
</datafield>
<datafield tag="504" ind1=" " ind2=" ">
<subfield code="a">Includes bibliographical references (pages 193-228) and indexes.</subfield>
</datafield>
<datafield tag="505" ind1="0" ind2="0">
<subfield code="g">Preface --</subfield>
<subfield code="g">List of abbreviations --</subfield>
<subfield code="t">Introduction : the Greek magical papyri --</subfield>
<subfield code="t">General character --</subfield>
<subfield code="t">Modern editions and translations --</subfield>
<subfield code="t">The history of Greek and demotic magical papyri and magical handbooks --</subfield>
<subfield code="t">Defixionum tabellae and magical amulets --</subfield>
<subfield code="t">Characteristics of the Greek magical papyri --</subfield>
<subfield code="t">Greek language --</subfield>
<subfield code="t">Hymns --</subfield>
<subfield code="t">Categories of spells --</subfield>
<subfield code="t">The magical operation --</subfield>
<subfield code="t">The focus and methods of the monograph --</subfield>
<subfield code="t">Magic : definition --</subfield>
<subfield code="t">The concepts of the divine in the greek magical papyri : chapter Description --</subfield>
<subfield code="t">The religio-philosophical concept of the personal daimon and the magico-theurgic ritual of systasis --</subfield>
<subfield code="t">Introduction --</subfield>
<subfield code="t">The PGM spells --</subfield>
<subfield code="t">"Systasis with your own daimon" (PGM VII.505-528) --</subfield>
<subfield code="t">Untitled spell for dream revelation (PGM VII.478-490) --</subfield>
<subfield code="t">Untitled spell concerning your own shadow (PGM III.612-632) --</subfield>
<subfield code="t">"The erotic binding spell of Astrapsoukos" (PGM VIII. 1-63) --</subfield>
<subfield code="t">Conclusion --</subfield>
<subfield code="t">The religious concept of paredros --</subfield>
<subfield code="t">Introduction : the basic concept of paredros --</subfield>
<subfield code="t">Paredroi as daimones --</subfield>
<subfield code="t">"A daimon comes as an assistant" (PGM 1.1-42) --</subfield>
<subfield code="t">"Power of the bear constellation that accomplishes everything" (PGM IV. 1331-1389) --</subfield>
<subfield code="t">Paredros as the resurrected spirit and body of the dead --</subfield>
<subfield code="t">Scholarly discussion --</subfield>
<subfield code="t">The issue of the resurrection of the dead in the spells --</subfield>
<subfield code="t">"King pitys' spell that leads over any skull cup" (PGM IV. 1928-2005) --</subfield>
<subfield code="t">"Divine assistance from three homeric verses" (PGM IV.2145-2240) --</subfield>
<subfield code="t">"Pitys' spell that leads" (PGM IV.2006-2125) --</subfield>
<subfield code="t">The purpose of reanimating the dead in the magical rite --</subfield>
<subfield code="t">Paredros as the god eros --</subfield>
<subfield code="t">Paredros as the spell itself and as a god, or goddess revealed as another entity --</subfield>
<subfield code="t">"Spell of pnouthis, the sacred scribe, for acquiring an assistant" (PGM 1.42-195) --</subfield>
<subfield code="t">"Spell to selene" (PGM I.147ff.) --</subfield>
<subfield code="t">Untitled spell to acquire a divine assistant (PGM LVII.1-37) --</subfield>
<subfield code="t">The "lunar spell of klaudianus and ritual of heaven and the bear conste</subfield>
</datafield>
<datafield tag="505" ind1="0" ind2="0">
<subfield code="t">The "lunar spell of klaudianus and ritual of heaven and the bear constellation over lunar offerings" (PGM VII.862-918) -- &#450;t "The old serving woman of apollonius of tyana" (PGM XIa.1-40) -- &#450;t Paredros as divine assistance from homeric verses and an object -- &#450;t The relationship between the paredros and the magician -- &#450;t Conclusion -- &#450;t The concept of god through manifold religious and philosophical assimilations -- &#450;t Introduction -- &#450;t Helios -- &#450;t "Spell to bring the god" (PGM IV.985-1035) -- &#450;t Helios the greatest god, lord horus harpocrates -- &#450;t Helios holding the reins and steering the tiller, restraining the serpent -- &#450;t Helios : praised, Iao -- &#450;t "This is the (consecration) ritual for all purposes : spell to helios" (PGM IV.1596-1715) -- &#450;t Helios : the gracious good daimon -- &#450;t Helios : sabaoth adonai, the great god -- &#450;t Helios : the cosmokrator, the thalassokrator, heaven as Helios' processional way -- &#450;t "[Systasis to] helios" (PGM III.494-611) -- &#450;t Helios : the image, the whole of the cosmos; forms and names -- &#450;t "Systasis with your own daimon" (PGM VII.505-528) -- &#450;t Helios : the mixture of the cosmic nature -- &#450;t hymn "to helios" (PGM IV.939-948) -- &#450;t Helios : ... or ... -- &#450;t Eros -- &#450;t "Eros as an assistant" (PGM XII.14-95) -- &#450;t "The sword of dardanos" (PGM IV.1716-1870) -- &#450;t The creator-god -- &#450;t "Prayer of Jacob" (PGM XXIIb. 1-26) -- &#450;t "Oracle of Kronos demanding, called little mill" (PGM IV.3086-3124) -- &#450;t "[Systasis to] helios" (PGM III.494-611) -- &#450;t "The sword of dardanos" (PGM IV.1716-1870) -- &#450;t "A little ring" (PGM XII.201-269) -- &#450;t The use of ... -- &#450;t Aion -- &#450;t "Divine assistance from three homeric verses" (PGM IV.2145-2240) -- &#450;t "God, gods; a sacred book called monad or eighth book of moses about the holy name" (version A. 1-343 from PGM XIII. 1-734) --</subfield>
</datafield>
<datafield tag="505" ind1="0" ind2="0">
<subfield code="t">"A little ring" (PGM XII.201-269) -- &#450;t "Stele" (PGM IV. 1167-1226) -- &#450;t "Another way" (PGM V.459-489) -- &#450;t Chrestos -- &#450;t "Releasing from bonds" (PGM XIII.288-295) -- &#450;t Orthographical and interpretation issues : the scholarly discussion -- &#450;t Analysis of the spell : influences and religious assimilations --</subfield>
</datafield>
<datafield tag="505" ind1="0" ind2="0">
<subfield code="t">Chrestos as the creator -- &#450;t Chrestos as "the one who created compulsion and punishment and torture" -- &#450;t The "release" and "open up" formula -- &#450;t Chrestos "biaios" : mechanisms of appropriation and integration -- &#450;t Dionysus-osiris -- &#450;t Osiris -- &#450;t "Pitys' spell that leads" (PGM IV.2006-2125) -- &#450;t Dionysus -- &#450;t Explicit references to dionysus -- &#450;t Untitled spell (PGM XIII.734-1077) -- &#450;t Allusions to dionysus -- &#450;t "A daemon comes as an assistant" (PGM I.1-42) -- &#450;t "Excellent philtron" (PGM VII.459-461) -- &#450;t "Cup spell" (PGM VII.643-651) : Dionysus-osiris assimilation -- &#450;t "This is the (consecration) ritual for all purposes : spell to helios" (PGM IV. 1596-1715) -- &#450;t Hekate-selene-artemis -- &#450;t "Prayer to selene" (PGM IV.2785-2890) -- &#450;t "Erotic spell that leads" (PGM IV.2441-2621) -- &#450;t Hermes-thoth-hermes trismegistos -- &#450;t Hermes-thoth -- &#450;t Hermes trismegistos -- &#450;t The religious and philosophical assimilations -- &#450;t Untitled spell for revelation (PGM V.370-446) -- &#450;t "The erotic binding spell of astrapsoukos" (PGM VIII. 1-63) -- &#450;t "Lamp divination" (PGM VII.540-578) -- &#450;t Typhon-seth -- &#450;t The symbolism of the blood of typhon-seth -- &#450;t The religious and philosophical assimilations -- &#450;t "spell to restrain anger and to subject" (PGM VII.940-968) -- &#450;t "Nephotes to psammetichos immortal king of Egypt" (PGM IV. 154-285) -- &#450;t "Spell to restrain" (PGM XXXVI. 1-34) -- &#450;t Untitled spell (PGM XIVc.l6-27), "Spell to cause 'evil sleep'" (PGM xiv.675-694) -- &#450;t "Separation spell" (PGM XII.365-375) -- &#450;t Sarapis -- &#450;t Untitled erotic spell (PGM XIXa.1-54) -- &#450;t "Oracle of sarapis" (PGM V.1-53) -- &#450;t "This is the (consecration) ritual for all purposes : spell to helios" (PGM IV.1596-1715) -- &#450;t "Another way" (PGM V.459-489)&#450;t Isis -- &#450;t "The erotic binding spell of astrapsoukos" (PGM VIII. 1-63) --</subfield>
</datafield>
<datafield tag="505" ind1="0" ind2="0">
<subfield code="t">Untitled spell to acquire an oracle (/"great Isis the lady") (PGM XXIVa. 1-25) -- &#450;t Untitled spell for protection ((...)) (PGM VII.490-504) -- &#450;t Untitled spell to acquire a divine assistant (PGM LVII.1-37) -- &#450;t Aphrodite -- &#450;t "Erotic spell that leads" (PGM IV.2891-2942) -- &#450;t "Aphrodite's name" (PGM IV. 1265-1274) -- &#450;t Bes(as) -- &#450;t Spells : "Request for a dream oracle from Besas" (PGM VII.222-249) and "Request for the dream oracle of Besas" (PGM VIII.64-110) -- &#450;t "Stele of Jeu the hieroglyphist in his letter" (PGM V.96-172) -- &#450;t "A restraining seal" (PGM IV.2125-2139) -- &#450;t Divine Epithets and Identities -- &#450;g Conclusion -- &#450;g Epilogue -- &#450;g Appendix 1 -- &#450;g Appendix 2 -- &#450;g Appendix 3 -- &#450;g Appendix 4 -- &#450;g Appendix 5 -- &#450;g Appendix 6 -- &#450;g Appendix 7 -- &#450;g Bibliography -- &#450;g Index of Greek words -- &#450;g Index of sources -- &#450;g Index of modern authors -- &#450;g Index of names and subjects.</subfield>
</datafield>
<datafield tag="520" ind1="8" ind2=" ">
<subfield code="a">Eleni Pachoumi looks at the concepts of the divine in the Greek magical papyri by way of a careful and detailed analysis of ritual practices and spells. Her aim is to uncover the underlying religious, philosophical and mystical parallelisms and influences on the Greek magical papyri. The author starts by examining the religious and philosophical concept of the personal daimon and the union of the individual with his personal daimon through the magico-theurgic ritual of systasis. She then goes on to analyze the religious concept of paredros as the divine?assistant? and the various relationships between paredros, the divine and the individual. To round off, she studies the concept of the divine through the manifold religious and philosophical assimilations mainly between Greek, Egyptian, Hellenized gods and divine abstract concepts of Jewish origins. 0Eleni Pachoumi Born 1975; studied Classical Studies; 2007 PhD; worked as a Lecturer of Classical Philology at the University of Thessaly, the Aristotle University of Thessaloniki and the University of Patras; currently holding a research Fellowship in Classical Philology at the School of Ancient Language and Text Studies of North-West University in South Africa.0.</subfield>
</datafield>
<datafield tag="630" ind1="0" ind2="0">
<subfield code="a">Papyri graecae magicae.</subfield>
</datafield>
<datafield tag="630" ind1="0" ind2="7">
<subfield code="a">Papyri graecae magicae.</subfield>
<subfield code="2">fast</subfield>
<subfield code="0">(OCoLC)fst01368149</subfield>
</datafield>
<datafield tag="650" ind1=" " ind2="0">
<subfield code="a">Magic, Egyptian.</subfield>
</datafield>
<datafield tag="650" ind1=" " ind2="0">
<subfield code="a">Magic, Greek.</subfield>
</datafield>
<datafield tag="651" ind1=" " ind2="0">
<subfield code="a">Egypt</subfield>
<subfield code="x">Religion.</subfield>
</datafield>
<datafield tag="651" ind1=" " ind2="0">
<subfield code="a">Greece</subfield>
<subfield code="x">Religion.</subfield>
</datafield>
<datafield tag="651" ind1=" " ind2="7">
<subfield code="a">Ancient Egypt (region)</subfield>
<subfield code="2">pleiades</subfield>
<subfield code="0">https://pleiades.stoa.org/places/981503</subfield>
<subfield code="5">NyNyUAW</subfield>
</datafield>
<datafield tag="650" ind1=" " ind2="7">
<subfield code="a">Magic, Egyptian.</subfield>
<subfield code="2">fast</subfield>
<subfield code="0">(OCoLC)fst01005526</subfield>
</datafield>
<datafield tag="650" ind1=" " ind2="7">
<subfield code="a">Magic, Greek.</subfield>
<subfield code="2">fast</subfield>
<subfield code="0">(OCoLC)fst01005531</subfield>
</datafield>
<datafield tag="650" ind1=" " ind2="7">
<subfield code="a">Religion.</subfield>
<subfield code="2">fast</subfield>
<subfield code="0">(OCoLC)fst01093763</subfield>
</datafield>
<datafield tag="651" ind1=" " ind2="7">
<subfield code="a">Egypt.</subfield>
<subfield code="2">fast</subfield>
<subfield code="0">(OCoLC)fst01208755</subfield>
</datafield>
<datafield tag="651" ind1=" " ind2="7">
<subfield code="a">Greece.</subfield>
<subfield code="2">fast</subfield>
<subfield code="0">(OCoLC)fst01208380</subfield>
</datafield>
<datafield tag="776" ind1="0" ind2=" ">
<subfield code="z">9783161540196</subfield>
</datafield>
<datafield tag="776" ind1="0" ind2=" ">
<subfield code="w">(GyWOH)har170260470</subfield>
</datafield>
<datafield tag="830" ind1=" " ind2="0">
<subfield code="a">Studien und Texte zu Antike und Christentum ;</subfield>
<subfield code="v">102.</subfield>
<subfield code="x">1436-3003</subfield>
</datafield>
<datafield tag="OWN" ind1=" " ind2=" ">
<subfield code="a">GENERAL</subfield>
</datafield>
<datafield tag="AVA" ind1=" " ind2=" ">
<subfield code="a">NYU50</subfield>
<subfield code="b">NISAW</subfield>
<subfield code="c">Small Collection</subfield>
<subfield code="d">BF1591 .P34 2017 Non-circulating</subfield>
<subfield code="e">available</subfield>
<subfield code="t">Available</subfield>
<subfield code="f">1</subfield>
<subfield code="g">0</subfield>
<subfield code="h">N</subfield>
<subfield code="i">0</subfield>
<subfield code="j">SMALL</subfield>
<subfield code="k">0</subfield>
</datafield>
</record>