<record xmlns="http://www.loc.gov/MARC21/slim" xmlns:xsi="http://www.w3.org/2001/XMLSchema-instance" xsi:schemaLocation="http://www.loc.gov/MARC21/slim http://www.loc.gov/standards/marcxml/schema/MARC21slim.xsd">
<leader>00000cam a22      a 4500</leader>
<controlfield tag="FMT">BK</controlfield>
<controlfield tag="LDR">00000cam a22      a 4500</controlfield>
<controlfield tag="001">006254196</controlfield>
<controlfield tag="005">20180723145347.0</controlfield>
<controlfield tag="008">180723s1983    mau      b    001 0 eng</controlfield>
<datafield tag="010" ind1=" " ind2=" ">
<subfield code="a">   83006729</subfield>
</datafield>
<datafield tag="015" ind1=" " ind2=" ">
<subfield code="a">870032380</subfield>
<subfield code="2">can</subfield>
</datafield>
<datafield tag="016" ind1=" " ind2=" ">
<subfield code="a">(AMICUS)000003834520</subfield>
</datafield>
<datafield tag="020" ind1=" " ind2=" ">
<subfield code="a">0915646099</subfield>
<subfield code="q">(pbk.)</subfield>
</datafield>
<datafield tag="020" ind1=" " ind2=" ">
<subfield code="a">9780915646098</subfield>
<subfield code="q">(pbk.)</subfield>
</datafield>
<datafield tag="035" ind1=" " ind2=" ">
<subfield code="a">(OCoLC)9533466</subfield>
</datafield>
<datafield tag="040" ind1=" " ind2=" ">
<subfield code="a">DLC</subfield>
<subfield code="b">eng</subfield>
<subfield code="c">DLC</subfield>
<subfield code="d">MUQ</subfield>
<subfield code="d">NLGGC</subfield>
<subfield code="d">BAKER</subfield>
<subfield code="d">OCLCG</subfield>
<subfield code="d">YDXCP</subfield>
<subfield code="d">CLU</subfield>
<subfield code="d">GEBAY</subfield>
<subfield code="d">ZWZ</subfield>
<subfield code="d">OCLCO</subfield>
<subfield code="d">OCLCF</subfield>
<subfield code="d">EUX</subfield>
<subfield code="d">OCLCQ</subfield>
<subfield code="d">OCLCO</subfield>
<subfield code="d">OCLCQ</subfield>
<subfield code="d">ICW</subfield>
<subfield code="d">DEBBG</subfield>
<subfield code="d">OCLCO</subfield>
<subfield code="d">OCLCQ</subfield>
<subfield code="d">NLC</subfield>
<subfield code="d">CSJ</subfield>
<subfield code="d">OCLCO</subfield>
<subfield code="d">DHA</subfield>
<subfield code="d">OCLCQ</subfield>
<subfield code="d">ZYU</subfield>
</datafield>
<datafield tag="050" ind1="0" ind2="4">
<subfield code="a">BL487</subfield>
<subfield code="b">.R45 1983</subfield>
</datafield>
<datafield tag="055" ind1=" " ind2="1">
<subfield code="a">BL487</subfield>
</datafield>
<datafield tag="082" ind1="0" ind2=" ">
<subfield code="a">231.7/3</subfield>
<subfield code="2">19</subfield>
</datafield>
<datafield tag="084" ind1=" " ind2=" ">
<subfield code="a">11.07</subfield>
<subfield code="2">bcl</subfield>
</datafield>
<datafield tag="084" ind1=" " ind2=" ">
<subfield code="a">BO 2200</subfield>
<subfield code="2">rvk</subfield>
</datafield>
<datafield tag="084" ind1=" " ind2=" ">
<subfield code="a">231.73</subfield>
<subfield code="2">z</subfield>
</datafield>
<datafield tag="100" ind1="1" ind2=" ">
<subfield code="a">Remus, Harold,</subfield>
<subfield code="d">1928-</subfield>
</datafield>
<datafield tag="245" ind1="1" ind2="0">
<subfield code="a">Pagan-Christian conflict over miracle in the second century /</subfield>
<subfield code="c">by Harold Remus.</subfield>
</datafield>
<datafield tag="260" ind1=" " ind2=" ">
<subfield code="a">Cambridge, MA :</subfield>
<subfield code="b">Philadelphia Patristic Foundation,</subfield>
<subfield code="c">1983.</subfield>
</datafield>
<datafield tag="300" ind1=" " ind2=" ">
<subfield code="a">371</subfield>
<subfield code="c">23 cm.</subfield>
</datafield>
<datafield tag="336" ind1=" " ind2=" ">
<subfield code="a">text</subfield>
<subfield code="b">txt</subfield>
<subfield code="2">rdacontent</subfield>
</datafield>
<datafield tag="337" ind1=" " ind2=" ">
<subfield code="a">unmediated</subfield>
<subfield code="b">n</subfield>
<subfield code="2">rdamedia</subfield>
</datafield>
<datafield tag="338" ind1=" " ind2=" ">
<subfield code="a">volume</subfield>
<subfield code="b">nc</subfield>
<subfield code="2">rdacarrier</subfield>
</datafield>
<datafield tag="490" ind1="1" ind2=" ">
<subfield code="a">Patristic monograph series ;</subfield>
<subfield code="v">no. 10</subfield>
</datafield>
<datafield tag="504" ind1=" " ind2=" ">
<subfield code="a">Includes bibliographical references (pages 315-350).</subfield>
</datafield>
<datafield tag="500" ind1=" " ind2=" ">
<subfield code="a">Includes indexes.</subfield>
</datafield>
<datafield tag="505" ind1="0" ind2=" ">
<subfield code="a">"Miracle" : demarcations, explanations, and social dimensions. A paradigm ; The ordinary and the extraordinary ; Explanation of the extraordinary : inexplicability and miracle ; Language and miracle ; Miracle and its social and cultural matrices ; Miracle and sociology of knowledge -- Asclepius piety : case studies in conflict. Mainstream piety, Asclepius, and Jesus : Aelius Aristides ; Philosophy, Asclepius, and Jesus : Celsus ; Celsus vs. Justin : social and cultural worlds in conflict ; Oracles and Asclepius : Alexander of Abonoteichos and others ; Conclusion -- Appendices. Herodotus and the wondrous ; Divination and cultural diffusion ; The ignorance of bygone ages contrasted with present knowledge in the understanding of miracle ; On the definition of "gnostic" ; Plotinus and gnostic thaumaturgy ; Studies of Lucian's Alexander the False Prophet.</subfield>
</datafield>
<datafield tag="500" ind1=" " ind2=" ">
<subfield code="a">Based on the author's Ph. D. dissertation at the University of Pennsylvania, 1981.</subfield>
</datafield>
<datafield tag="500" ind1=" " ind2=" ">
<subfield code="a">ISAW copy is from the library of Robert A. Kraft.</subfield>
<subfield code="5">NyNyUAW</subfield>
</datafield>
<datafield tag="650" ind1=" " ind2="0">
<subfield code="a">Miracles</subfield>
<subfield code="x">History.</subfield>
</datafield>
<datafield tag="650" ind1=" " ind2="7">
<subfield code="a">Miracles.</subfield>
<subfield code="2">fast</subfield>
<subfield code="0">(OCoLC)fst01023535</subfield>
</datafield>
<datafield tag="650" ind1="1" ind2="7">
<subfield code="a">Wonderen.</subfield>
<subfield code="2">gtt</subfield>
</datafield>
<datafield tag="650" ind1=" " ind2="7">
<subfield code="a">Christentum</subfield>
<subfield code="2">gnd</subfield>
<subfield code="0">(DE-588)4010074-1</subfield>
</datafield>
<datafield tag="650" ind1=" " ind2="7">
<subfield code="a">Heidentum</subfield>
<subfield code="2">gnd</subfield>
<subfield code="0">(DE-588)4024001-0</subfield>
</datafield>
<datafield tag="650" ind1=" " ind2="7">
<subfield code="a">Wunder</subfield>
<subfield code="2">gnd</subfield>
<subfield code="0">(DE-588)4067063-6</subfield>
</datafield>
<datafield tag="650" ind1=" " ind2="7">
<subfield code="a">Miracles.</subfield>
<subfield code="2">ram</subfield>
</datafield>
<datafield tag="650" ind1="0" ind2="7">
<subfield code="a">Wunder.</subfield>
<subfield code="2">swd</subfield>
</datafield>
<datafield tag="650" ind1="0" ind2="7">
<subfield code="a">Geschichte 100-200.</subfield>
<subfield code="2">swd</subfield>
</datafield>
<datafield tag="650" ind1=" " ind2="6">
<subfield code="a">Miracles</subfield>
<subfield code="x">Histoire.</subfield>
</datafield>
<datafield tag="655" ind1=" " ind2="7">
<subfield code="a">History.</subfield>
<subfield code="2">fast</subfield>
<subfield code="0">(OCoLC)fst01411628</subfield>
</datafield>
<datafield tag="700" ind1="1" ind2=" ">
<subfield code="a">Kraft, Robert A.,</subfield>
<subfield code="e">former owner.</subfield>
<subfield code="5">NyNyUAW</subfield>
</datafield>
<datafield tag="776" ind1="0" ind2="8">
<subfield code="i">Online version:</subfield>
<subfield code="a">Remus, Harold, 1928-</subfield>
<subfield code="t">Pagan-Christian conflict over miracle in the second century.</subfield>
<subfield code="d">Cambridge, MA : Philadelphia Patristic Foundation, 1983</subfield>
<subfield code="w">(OCoLC)988213495</subfield>
</datafield>
<datafield tag="830" ind1=" " ind2="0">
<subfield code="a">Patristic monograph series ;</subfield>
<subfield code="v">no. 10.</subfield>
</datafield>
<datafield tag="OWN" ind1=" " ind2=" ">
<subfield code="a">GENERAL</subfield>
</datafield>
<datafield tag="AVA" ind1=" " ind2=" ">
<subfield code="a">NYU50</subfield>
<subfield code="b">NISAW</subfield>
<subfield code="c">Small Collection</subfield>
<subfield code="d">BL487 .R45 1983</subfield>
<subfield code="e">unavailable</subfield>
<subfield code="t">Unavailable</subfield>
<subfield code="f">1</subfield>
<subfield code="g">1</subfield>
<subfield code="h">N</subfield>
<subfield code="i">0</subfield>
<subfield code="j">SMALL</subfield>
<subfield code="k">0</subfield>
</datafield>
</record>