<record xmlns="http://www.loc.gov/MARC21/slim" xmlns:xsi="http://www.w3.org/2001/XMLSchema-instance" xsi:schemaLocation="http://www.loc.gov/MARC21/slim http://www.loc.gov/standards/marcxml/schema/MARC21slim.xsd">
<leader>00000cam a2200625 a 4500</leader>
<controlfield tag="FMT">BK</controlfield>
<controlfield tag="LDR">00000cam a2200625 a 4500</controlfield>
<controlfield tag="001">002804884</controlfield>
<controlfield tag="003">OCoLC</controlfield>
<controlfield tag="005">20180718135722.0</controlfield>
<controlfield tag="008">850806s1984    cau           000 0 eng</controlfield>
<datafield tag="010" ind1=" " ind2=" ">
<subfield code="a">85128606</subfield>
</datafield>
<datafield tag="020" ind1=" " ind2=" ">
<subfield code="a">0890031584</subfield>
<subfield code="q">(pbk.)</subfield>
</datafield>
<datafield tag="020" ind1=" " ind2=" ">
<subfield code="a">9780890031582</subfield>
<subfield code="q">(pbk.)</subfield>
</datafield>
<datafield tag="035" ind1=" " ind2=" ">
<subfield code="a">(OCoLC)11078505</subfield>
<subfield code="z">(OCoLC)977768578</subfield>
</datafield>
<datafield tag="040" ind1=" " ind2=" ">
<subfield code="a">DLC</subfield>
<subfield code="b">eng</subfield>
<subfield code="c">DLC</subfield>
<subfield code="d">MUQ</subfield>
<subfield code="d">NLGGC</subfield>
<subfield code="d">BTCTA</subfield>
<subfield code="d">UBY</subfield>
<subfield code="d">GEBAY</subfield>
<subfield code="d">YDXCP</subfield>
<subfield code="d">OCLCO</subfield>
<subfield code="d">OCLCF</subfield>
<subfield code="d">P4I</subfield>
<subfield code="d">OCLCQ</subfield>
<subfield code="d">DEBBG</subfield>
<subfield code="d">OCLCQ</subfield>
<subfield code="d">OCLCO</subfield>
<subfield code="d">ZYU</subfield>
</datafield>
<datafield tag="041" ind1="1" ind2=" ">
<subfield code="a">eng</subfield>
<subfield code="a">akk</subfield>
<subfield code="h">akk</subfield>
</datafield>
<datafield tag="043" ind1=" " ind2=" ">
<subfield code="a">a-iq---</subfield>
</datafield>
<datafield tag="050" ind1="0" ind2="0">
<subfield code="a">BL1625.G6</subfield>
<subfield code="b">J33 1984</subfield>
</datafield>
<datafield tag="079" ind1=" " ind2=" ">
<subfield code="a">(OCoLC)11078505</subfield>
</datafield>
<datafield tag="082" ind1="0" ind2="0">
<subfield code="a">299/.21</subfield>
<subfield code="2">19</subfield>
</datafield>
<datafield tag="084" ind1=" " ind2=" ">
<subfield code="a">11.43</subfield>
<subfield code="2">bcl</subfield>
</datafield>
<datafield tag="100" ind1="1" ind2=" ">
<subfield code="a">Jacobsen, Thorkild,</subfield>
<subfield code="d">1904-1993.</subfield>
</datafield>
<datafield tag="245" ind1="1" ind2="4">
<subfield code="a">The Harab myth /</subfield>
<subfield code="c">by Thorkild Jacobsen.</subfield>
</datafield>
<datafield tag="260" ind1=" " ind2=" ">
<subfield code="a">Malibu :</subfield>
<subfield code="b">Undena Publications,</subfield>
<subfield code="c">1984.</subfield>
</datafield>
<datafield tag="300" ind1=" " ind2=" ">
<subfield code="a">26 pages ;</subfield>
<subfield code="c">28 cm.</subfield>
</datafield>
<datafield tag="336" ind1=" " ind2=" ">
<subfield code="a">text</subfield>
<subfield code="b">txt</subfield>
<subfield code="2">rdacontent</subfield>
</datafield>
<datafield tag="337" ind1=" " ind2=" ">
<subfield code="a">unmediated</subfield>
<subfield code="b">n</subfield>
<subfield code="2">rdamedia</subfield>
</datafield>
<datafield tag="338" ind1=" " ind2=" ">
<subfield code="a">volume</subfield>
<subfield code="b">nc</subfield>
<subfield code="2">rdacarrier</subfield>
</datafield>
<datafield tag="490" ind1="1" ind2=" ">
<subfield code="a">Sources from the ancient Near East,</subfield>
<subfield code="x">0732-6424 ;</subfield>
<subfield code="v">v. 2, fasc. 3</subfield>
</datafield>
<datafield tag="546" ind1=" " ind2=" ">
<subfield code="a">Text in romanized Akkadian with parallel English translation.</subfield>
</datafield>
<datafield tag="500" ind1=" " ind2=" ">
<subfield code="a">"[Transliteration and translation of] the myth published by Lambert and Millard in CT XLVI as no. 43"--page 5.</subfield>
</datafield>
<datafield tag="650" ind1=" " ind2="0">
<subfield code="a">Gods, Assyro-Babylonian.</subfield>
</datafield>
<datafield tag="650" ind1=" " ind2="0">
<subfield code="a">Mythology, Assyro-Babylonian.</subfield>
</datafield>
<datafield tag="650" ind1=" " ind2="0">
<subfield code="a">Akkadian language</subfield>
<subfield code="v">Texts.</subfield>
</datafield>
<datafield tag="650" ind1=" " ind2="0">
<subfield code="a">Cuneiform tablets</subfield>
<subfield code="z">Iraq</subfield>
<subfield code="z">Sippar (Extinct city)</subfield>
</datafield>
<datafield tag="651" ind1=" " ind2="7">
<subfield code="a">Sippar.</subfield>
<subfield code="2">pleiades</subfield>
<subfield code="0">https://pleiades.stoa.org/places/894089</subfield>
</datafield>
<datafield tag="650" ind1=" " ind2="7">
<subfield code="a">Gods, Assyro-Babylonian.</subfield>
<subfield code="2">fast</subfield>
<subfield code="0">(OCoLC)fst00944243</subfield>
</datafield>
<datafield tag="650" ind1=" " ind2="7">
<subfield code="a">Mythology, Assyro-Babylonian.</subfield>
<subfield code="2">fast</subfield>
<subfield code="0">(OCoLC)fst01031730</subfield>
</datafield>
<datafield tag="830" ind1=" " ind2="0">
<subfield code="a">Sources and monographs.</subfield>
<subfield code="p">Sources from the ancient Near East ;</subfield>
<subfield code="v">v. 2, fasc. 3.</subfield>
</datafield>
<datafield tag="OWN" ind1=" " ind2=" ">
<subfield code="a">GENERAL</subfield>
</datafield>
<datafield tag="950" ind1=" " ind2=" ">
<subfield code="l">BMAIN</subfield>
<subfield code="i">01/27/87 C</subfield>
</datafield>
<datafield tag="955" ind1=" " ind2=" ">
<subfield code="l">BMAIN</subfield>
<subfield code="c">1</subfield>
<subfield code="q">87B648-1</subfield>
<subfield code="r">012715986</subfield>
<subfield code="i">01/27/87 C</subfield>
</datafield>
<datafield tag="998" ind1=" " ind2=" ">
<subfield code="a">01/27/87</subfield>
<subfield code="t">b</subfield>
<subfield code="s">9110</subfield>
<subfield code="n">NNU</subfield>
<subfield code="w">DCLC85128606B</subfield>
<subfield code="d">01/08/87</subfield>
<subfield code="b">EI</subfield>
<subfield code="i">870127</subfield>
<subfield code="l">NYUG</subfield>
</datafield>
<datafield tag="AVA" ind1=" " ind2=" ">
<subfield code="a">NYU50</subfield>
<subfield code="b">BOBST</subfield>
<subfield code="c">Main Collection</subfield>
<subfield code="d">BL1625.G6 J33 1984</subfield>
<subfield code="e">unavailable</subfield>
<subfield code="t">Unavailable</subfield>
<subfield code="f">1</subfield>
<subfield code="g">1</subfield>
<subfield code="h">N</subfield>
<subfield code="i">4</subfield>
<subfield code="j">MAIN</subfield>
<subfield code="k">0</subfield>
</datafield>
<datafield tag="AVA" ind1=" " ind2=" ">
<subfield code="a">NYU50</subfield>
<subfield code="b">NISAW</subfield>
<subfield code="c">Large Collection</subfield>
<subfield code="d">BL1625.G6 J33 1984</subfield>
<subfield code="e">unavailable</subfield>
<subfield code="t">Unavailable</subfield>
<subfield code="f">1</subfield>
<subfield code="g">1</subfield>
<subfield code="h">N</subfield>
<subfield code="i">0</subfield>
<subfield code="j">LARGE</subfield>
<subfield code="k">0</subfield>
</datafield>
</record>