<record xmlns="http://www.loc.gov/MARC21/slim" xmlns:xsi="http://www.w3.org/2001/XMLSchema-instance" xsi:schemaLocation="http://www.loc.gov/MARC21/slim http://www.loc.gov/standards/marcxml/schema/MARC21slim.xsd">
<leader>00000cam a22     Ia 4500</leader>
<controlfield tag="FMT">BK</controlfield>
<controlfield tag="LDR">00000cam a22     Ia 4500</controlfield>
<controlfield tag="001">006218968</controlfield>
<controlfield tag="005">20180709135742.0</controlfield>
<controlfield tag="008">180702s1968    fr e     b    001 0 fre d</controlfield>
<datafield tag="035" ind1=" " ind2=" ">
<subfield code="a">(OCoLC)10297462</subfield>
<subfield code="z">(OCoLC)1030100225</subfield>
</datafield>
<datafield tag="040" ind1=" " ind2=" ">
<subfield code="a">WLU</subfield>
<subfield code="b">eng</subfield>
<subfield code="c">WLU</subfield>
<subfield code="d">OCL</subfield>
<subfield code="d">LVB</subfield>
<subfield code="d">OCLCG</subfield>
<subfield code="d">OCLCA</subfield>
<subfield code="d">OCLCQ</subfield>
<subfield code="d">ZWZ</subfield>
<subfield code="d">OCLCQ</subfield>
<subfield code="d">OCLCO</subfield>
<subfield code="d">OCLCF</subfield>
<subfield code="d">OCLCQ</subfield>
<subfield code="d">ZYU</subfield>
</datafield>
<datafield tag="041" ind1="1" ind2=" ">
<subfield code="a">fre</subfield>
<subfield code="h">ger</subfield>
</datafield>
<datafield tag="043" ind1=" " ind2=" ">
<subfield code="a">a-ir---</subfield>
</datafield>
<datafield tag="050" ind1=" " ind2="4">
<subfield code="a">BL2270</subfield>
<subfield code="b">.W514 1968</subfield>
</datafield>
<datafield tag="100" ind1="1" ind2=" ">
<subfield code="a">Widengren, Geo,</subfield>
<subfield code="d">1907-1996.</subfield>
</datafield>
<datafield tag="240" ind1="1" ind2="0">
<subfield code="a">Religionen Irans.</subfield>
<subfield code="l">French</subfield>
</datafield>
<datafield tag="245" ind1="1" ind2="4">
<subfield code="a">Les religions de l'Iran /</subfield>
<subfield code="c">Geo Widengren ; traduit de l'allemand par L. Jospin.</subfield>
</datafield>
<datafield tag="260" ind1=" " ind2=" ">
<subfield code="a">Paris :</subfield>
<subfield code="b">Payot,</subfield>
<subfield code="c">1968.</subfield>
</datafield>
<datafield tag="300" ind1=" " ind2=" ">
<subfield code="a">422 pages :</subfield>
<subfield code="b">plans ;</subfield>
<subfield code="c">23 cm.</subfield>
</datafield>
<datafield tag="336" ind1=" " ind2=" ">
<subfield code="a">text</subfield>
<subfield code="b">txt</subfield>
<subfield code="2">rdacontent</subfield>
</datafield>
<datafield tag="337" ind1=" " ind2=" ">
<subfield code="a">unmediated</subfield>
<subfield code="b">n</subfield>
<subfield code="2">rdamedia</subfield>
</datafield>
<datafield tag="338" ind1=" " ind2=" ">
<subfield code="a">volume</subfield>
<subfield code="b">nc</subfield>
<subfield code="2">rdacarrier</subfield>
</datafield>
<datafield tag="490" ind1="1" ind2=" ">
<subfield code="a">Collection "Les Religions de l'humanit&#233;"</subfield>
</datafield>
<datafield tag="490" ind1="0" ind2=" ">
<subfield code="a">Biblioth&#232;que historique</subfield>
</datafield>
<datafield tag="546" ind1=" " ind2=" ">
<subfield code="a">French translation of German.</subfield>
</datafield>
<datafield tag="500" ind1=" " ind2=" ">
<subfield code="a">Translation of: Die Religionen Irans.</subfield>
</datafield>
<datafield tag="504" ind1=" " ind2=" ">
<subfield code="a">Includes bibliographical references (pages 398-414) and index.</subfield>
</datafield>
<datafield tag="500" ind1=" " ind2=" ">
<subfield code="a">ISAW copy is from the library of Nina Garso&#239;an.</subfield>
<subfield code="5">NyNyUAW</subfield>
</datafield>
<datafield tag="651" ind1=" " ind2="0">
<subfield code="a">Iran</subfield>
<subfield code="x">Religion.</subfield>
</datafield>
<datafield tag="650" ind1=" " ind2="7">
<subfield code="a">Religion.</subfield>
<subfield code="2">fast</subfield>
<subfield code="0">(OCoLC)fst01093763</subfield>
</datafield>
<datafield tag="651" ind1=" " ind2="7">
<subfield code="a">Iran.</subfield>
<subfield code="2">fast</subfield>
<subfield code="0">(OCoLC)fst01204889</subfield>
</datafield>
<datafield tag="700" ind1="1" ind2=" ">
<subfield code="a">Garso&#239;an, Nina G.,</subfield>
<subfield code="d">1923-</subfield>
<subfield code="e">former owner.</subfield>
<subfield code="5">NyNyUAW</subfield>
</datafield>
<datafield tag="740" ind1="0" ind2=" ">
<subfield code="a">Garso&#239;an Collection.</subfield>
<subfield code="5">NyNyUAW</subfield>
</datafield>
<datafield tag="830" ind1=" " ind2="0">
<subfield code="a">Collection "Les religions de l'humanit&#233;."</subfield>
</datafield>
<datafield tag="OWN" ind1=" " ind2=" ">
<subfield code="a">GENERAL</subfield>
</datafield>
<datafield tag="AVA" ind1=" " ind2=" ">
<subfield code="a">NYU50</subfield>
<subfield code="b">NISAW</subfield>
<subfield code="c">Small Collection</subfield>
<subfield code="d">BL2270 .W514 1968 Non-circulating</subfield>
<subfield code="e">available</subfield>
<subfield code="t">Available</subfield>
<subfield code="f">1</subfield>
<subfield code="g">0</subfield>
<subfield code="h">N</subfield>
<subfield code="i">0</subfield>
<subfield code="j">SMALL</subfield>
<subfield code="k">0</subfield>
</datafield>
</record>