<record xmlns="http://www.loc.gov/MARC21/slim" xmlns:xsi="http://www.w3.org/2001/XMLSchema-instance" xsi:schemaLocation="http://www.loc.gov/MARC21/slim http://www.loc.gov/standards/marcxml/schema/MARC21slim.xsd">
<leader>00000cam a22      a 4500</leader>
<controlfield tag="FMT">BK</controlfield>
<controlfield tag="LDR">00000cam a22      a 4500</controlfield>
<controlfield tag="001">006251506</controlfield>
<controlfield tag="005">20180717131156.0</controlfield>
<controlfield tag="008">180717s1986    ru a     b    000 0 ruso</controlfield>
<datafield tag="010" ind1=" " ind2=" ">
<subfield code="a">   86230307</subfield>
</datafield>
<datafield tag="035" ind1=" " ind2=" ">
<subfield code="a">(OCoLC)16647229</subfield>
<subfield code="z">(OCoLC)16285730</subfield>
<subfield code="z">(OCoLC)263723932</subfield>
<subfield code="z">(OCoLC)881539575</subfield>
</datafield>
<datafield tag="040" ind1=" " ind2=" ">
<subfield code="a">DLC</subfield>
<subfield code="b">eng</subfield>
<subfield code="c">DLC</subfield>
<subfield code="d">NDD</subfield>
<subfield code="d">CRL</subfield>
<subfield code="d">CUD</subfield>
<subfield code="d">CUY</subfield>
<subfield code="d">ZWZ</subfield>
<subfield code="d">OCLCQ</subfield>
<subfield code="d">CRL</subfield>
<subfield code="d">OCLCQ</subfield>
<subfield code="d">GGM</subfield>
<subfield code="d">OCLCF</subfield>
<subfield code="d">ZYU</subfield>
</datafield>
<datafield tag="043" ind1=" " ind2=" ">
<subfield code="a">ac-----</subfield>
</datafield>
<datafield tag="050" ind1="0" ind2="0">
<subfield code="a">BL2300</subfield>
<subfield code="b">.D74 1986</subfield>
</datafield>
<datafield tag="082" ind1="0" ind2="4">
<subfield code="a">958</subfield>
<subfield code="b">D776, 1986</subfield>
</datafield>
<datafield tag="245" ind1="0" ind2="0">
<subfield code="6">880-01</subfield>
<subfield code="a">Drevnie obri&#65056;a&#65057;dy verovanii&#65056;a&#65057; i kul&#697;ty narodov Srednei&#774; Azii :</subfield>
<subfield code="b">istoriko-e&#775;tnograficheskie ocherki /</subfield>
<subfield code="c">otvetstvennyi&#774; redaktor V.N. Basilov.</subfield>
</datafield>
<datafield tag="260" ind1=" " ind2=" ">
<subfield code="6">880-02</subfield>
<subfield code="a">Moskva :</subfield>
<subfield code="b">"Nauka",</subfield>
<subfield code="c">1986.</subfield>
</datafield>
<datafield tag="300" ind1=" " ind2=" ">
<subfield code="a">205 pages :</subfield>
<subfield code="b">illustrations ;</subfield>
<subfield code="c">22 cm</subfield>
</datafield>
<datafield tag="336" ind1=" " ind2=" ">
<subfield code="a">text</subfield>
<subfield code="b">txt</subfield>
<subfield code="2">rdacontent</subfield>
</datafield>
<datafield tag="337" ind1=" " ind2=" ">
<subfield code="a">unmediated</subfield>
<subfield code="b">n</subfield>
<subfield code="2">rdamedia</subfield>
</datafield>
<datafield tag="338" ind1=" " ind2=" ">
<subfield code="a">volume</subfield>
<subfield code="b">nc</subfield>
<subfield code="2">rdacarrier</subfield>
</datafield>
<datafield tag="500" ind1=" " ind2=" ">
<subfield code="a">ISAW copy is from the library of Aleksandr Leskov.</subfield>
<subfield code="5">NyNyUAW</subfield>
</datafield>
<datafield tag="500" ind1=" " ind2=" ">
<subfield code="6">880-03</subfield>
<subfield code="a">At head of title: Akademii&#65056;a&#65057; nauk SSSR. Ordena Druzhby Narodov Institut e&#775;tnografii im. N.N. Miklukho-Maklai&#65056;a&#65057;.</subfield>
</datafield>
<datafield tag="504" ind1=" " ind2=" ">
<subfield code="a">Includes bibliographical references.</subfield>
</datafield>
<datafield tag="650" ind1=" " ind2="0">
<subfield code="a">Rites and ceremonies</subfield>
<subfield code="z">Asia, Central.</subfield>
</datafield>
<datafield tag="651" ind1=" " ind2="0">
<subfield code="a">Asia, Central</subfield>
<subfield code="x">Religious life and customs.</subfield>
</datafield>
<datafield tag="700" ind1="1" ind2=" ">
<subfield code="6">880-04</subfield>
<subfield code="a">Basilov, V. N.</subfield>
<subfield code="q">(Vladimir Nikolaevich),</subfield>
<subfield code="e">editor.</subfield>
</datafield>
<datafield tag="710" ind1="2" ind2=" ">
<subfield code="6">880-05</subfield>
<subfield code="a">Institut e&#775;tnografii imeni N.N. Miklukho-Maklai&#65056;a&#65057;,</subfield>
<subfield code="e">issuing body.</subfield>
</datafield>
<datafield tag="776" ind1="0" ind2="8">
<subfield code="i">Online version:</subfield>
<subfield code="t">Drevnie obri&#65056;a&#65057;dy verovanii&#65056;a&#65057; i kul&#697;ty narodov Srednei&#774; Azii.</subfield>
<subfield code="d">Moskva : "Nauka", 1986</subfield>
<subfield code="w">(OCoLC)613899624</subfield>
</datafield>
<datafield tag="700" ind1="1" ind2=" ">
<subfield code="a">Leskov, Aleksandr Mikha&#301;lovich,</subfield>
<subfield code="e">former owner.</subfield>
<subfield code="5">NyNyUAW</subfield>
</datafield>
<datafield tag="740" ind1="0" ind2=" ">
<subfield code="a">Leskov Collection.</subfield>
<subfield code="5">NyNyUAW</subfield>
</datafield>
<datafield tag="880" ind1="0" ind2="0">
<subfield code="6">245-01/</subfield>
<subfield code="a">&#1044;&#1088;&#1077;&#1074;&#1085;&#1080;&#1077; &#1086;&#1073;&#1088;&#1103;&#1076;&#1099;, &#1074;&#1077;&#1088;&#1086;&#1074;&#1072;&#1085;&#1080;&#1103; &#1080; &#1082;&#1091;&#1083;&#1100;&#1090;&#1099; &#1085;&#1072;&#1088;&#1086;&#1076;&#1086;&#1074; &#1057;&#1088;&#1077;&#1076;&#1085;&#1077;&#1081; &#1040;&#1079;&#1080;&#1080; :</subfield>
<subfield code="b">&#1080;&#1089;&#1090;&#1086;&#1088;&#1080;&#1082;&#1086;-&#1101;&#1090;&#1085;&#1086;&#1075;&#1088;&#1072;&#1092;&#1080;&#1095;&#1077;&#1089;&#1082;&#1080;&#1077; &#1086;&#1095;&#1077;&#1088;&#1082;&#1080; /</subfield>
<subfield code="c">&#1088;&#1077;&#1076;. &#1042;.&#1053;. &#1041;&#1072;&#1089;&#1080;&#1083;&#1086;&#1074;.</subfield>
</datafield>
<datafield tag="880" ind1=" " ind2=" ">
<subfield code="6">260-02/</subfield>
<subfield code="a">&#1052;&#1086;&#1089;&#1082;&#1074;&#1072; :</subfield>
<subfield code="b">"&#1053;&#1072;&#1091;&#1082;&#1072;",</subfield>
<subfield code="c">1986.</subfield>
</datafield>
<datafield tag="880" ind1=" " ind2=" ">
<subfield code="6">500-03/</subfield>
<subfield code="a">&#1040;t head of title: &#1040;&#1082;&#1072;&#1076;&#1077;&#1084;&#1080;&#1103; &#1085;&#1072;&#1091;&#1082; &#1057;&#1057;&#1057;&#1056;. &#1054;&#1088;&#1076;&#1077;&#1085;&#1072; &#1044;&#1088;&#1091;&#1078;&#1073;&#1099; &#1053;&#1072;&#1088;&#1086;&#1076;&#1086;&#1074; &#1048;&#1085;&#1089;&#1090;&#1080;&#1090;&#1091;&#1090; &#1101;&#1090;&#1085;&#1086;&#1075;&#1088;&#1072;&#1092;&#1080;&#1080; &#1080;&#1084;. &#1053;.&#1053;. &#1052;&#1080;&#1082;&#1083;&#1091;&#1093;&#1086;-&#1052;&#1072;&#1082;&#1083;&#1072;&#1103;.</subfield>
</datafield>
<datafield tag="880" ind1="1" ind2=" ">
<subfield code="6">700-04/</subfield>
<subfield code="a">&#1041;&#1072;&#1089;&#1080;&#1083;&#1086;&#1074;, &#1042;. &#1053;.</subfield>
<subfield code="q">(&#1042;&#1083;&#1072;&#1076;&#1080;&#1084;&#1080;&#1088; &#1053;&#1080;&#1082;&#1086;&#1083;&#1072;&#1077;&#1074;&#1080;&#1095;),</subfield>
<subfield code="e">editor.</subfield>
</datafield>
<datafield tag="880" ind1="2" ind2=" ">
<subfield code="6">710-05/</subfield>
<subfield code="a">&#1048;&#1085;&#1089;&#1090;&#1080;&#1090;&#1091;&#1090; &#1101;&#1090;&#1085;&#1086;&#1075;&#1088;&#1072;&#1092;&#1080;&#1080; &#1080;&#1084;&#1077;&#1085;&#1080; &#1053;.&#1053;. &#1052;&#1080;&#1082;&#1083;&#1091;&#1093;&#1086;-&#1052;&#1072;&#1082;&#1083;&#1072;&#1103;,</subfield>
<subfield code="e">issuing body.</subfield>
</datafield>
<datafield tag="OWN" ind1=" " ind2=" ">
<subfield code="a">GENERAL</subfield>
</datafield>
<datafield tag="AVA" ind1=" " ind2=" ">
<subfield code="a">NYU50</subfield>
<subfield code="b">NISAW</subfield>
<subfield code="c">Small Collection</subfield>
<subfield code="d">BL2300 .D74 1986 Non-circulating</subfield>
<subfield code="e">unavailable</subfield>
<subfield code="t">Unavailable</subfield>
<subfield code="f">1</subfield>
<subfield code="g">1</subfield>
<subfield code="h">N</subfield>
<subfield code="i">0</subfield>
<subfield code="j">SMALL</subfield>
<subfield code="k">0</subfield>
</datafield>
</record>