<record xmlns="http://www.loc.gov/MARC21/slim" xmlns:xsi="http://www.w3.org/2001/XMLSchema-instance" xsi:schemaLocation="http://www.loc.gov/MARC21/slim http://www.loc.gov/standards/marcxml/schema/MARC21slim.xsd">
<leader>00000cam a2200457Ii 4500</leader>
<controlfield tag="FMT">BK</controlfield>
<controlfield tag="LDR">00000cam a2200457Ii 4500</controlfield>
<controlfield tag="001">006251545</controlfield>
<controlfield tag="003">OCoLC</controlfield>
<controlfield tag="005">20180720144107.0</controlfield>
<controlfield tag="008">180323s2018    gw ae    b    001 0 ger d</controlfield>
<datafield tag="020" ind1=" " ind2=" ">
<subfield code="a">9783447108836</subfield>
<subfield code="q">(hardcover)</subfield>
</datafield>
<datafield tag="020" ind1=" " ind2=" ">
<subfield code="a">3447108835</subfield>
<subfield code="q">(hardcover)</subfield>
</datafield>
<datafield tag="035" ind1=" " ind2=" ">
<subfield code="a">(OCoLC)1029666091</subfield>
<subfield code="z">(OCoLC)1015821585</subfield>
</datafield>
<datafield tag="040" ind1=" " ind2=" ">
<subfield code="a">ERASP</subfield>
<subfield code="b">eng</subfield>
<subfield code="e">rda</subfield>
<subfield code="c">ERASP</subfield>
<subfield code="d">YDX</subfield>
<subfield code="d">OCLCO</subfield>
<subfield code="d">ISB</subfield>
<subfield code="d">HLS</subfield>
<subfield code="d">OCLCO</subfield>
<subfield code="d">OCLCF</subfield>
<subfield code="d">PTS</subfield>
<subfield code="d">ZYU</subfield>
</datafield>
<datafield tag="050" ind1=" " ind2="4">
<subfield code="a">BL2455</subfield>
<subfield code="b">.V46 2018</subfield>
</datafield>
<datafield tag="082" ind1="0" ind2="4">
<subfield code="a">932-933</subfield>
</datafield>
<datafield tag="100" ind1="1" ind2=" ">
<subfield code="a">Ventker, Bettina.</subfield>
</datafield>
<datafield tag="245" ind1="1" ind2="0">
<subfield code="a">Garanten der Herrschaft :</subfield>
<subfield code="b">die Prozessionen der Kas und Hemusut in den Tempeln der griechisch-r&#246;mischen Zeit : Soubassementstudien VI. /</subfield>
<subfield code="c">Bettina Ventker.</subfield>
</datafield>
<datafield tag="264" ind1=" " ind2="1">
<subfield code="a">Wiesbaden :</subfield>
<subfield code="b">Otto Harrassowitz</subfield>
<subfield code="c">2018.</subfield>
</datafield>
<datafield tag="300" ind1=" " ind2=" ">
<subfield code="a">381 pages :</subfield>
<subfield code="b">illustrations, plans (some color) ;</subfield>
<subfield code="c">30 cm.</subfield>
</datafield>
<datafield tag="336" ind1=" " ind2=" ">
<subfield code="a">text</subfield>
<subfield code="b">txt</subfield>
<subfield code="2">rdacontent</subfield>
</datafield>
<datafield tag="337" ind1=" " ind2=" ">
<subfield code="a">unmediated</subfield>
<subfield code="b">n</subfield>
<subfield code="2">rdamedia</subfield>
</datafield>
<datafield tag="338" ind1=" " ind2=" ">
<subfield code="a">volume</subfield>
<subfield code="b">nc</subfield>
<subfield code="2">rdacarrier</subfield>
</datafield>
<datafield tag="490" ind1="1" ind2=" ">
<subfield code="a">Studien zur sp&#228;t&#228;gyptischen Religion</subfield>
<subfield code="v">Band 18</subfield>
</datafield>
<datafield tag="490" ind1="1" ind2=" ">
<subfield code="a">Soubassementstudien ;</subfield>
<subfield code="v">6</subfield>
</datafield>
<datafield tag="504" ind1=" " ind2=" ">
<subfield code="a">Includes bibliographical references (pages [345]-366) and indexes.</subfield>
</datafield>
<datafield tag="520" ind1="8" ind2=" ">
<subfield code="a">"Der "Ka" nimmt zu allen Zeiten eine zentrale und komplexe Rolle in der &#228;gyptischen Religion ein. Als Lebenskr&#228;fte und Wesensaspekte des Sonnengottes tritt er in 14 namentlich benannten Ka-Aspekten (die G&#246;ttergruppe der "14 Kas des Re") in diversen Quellen auf. Seit der Zeit Ptolemaios VIII. sind die 14 Kas des Re in der Gestalt von Gabenbringern im Sockelbereich belegt, wobei ihnen als weibliche Entsprechungen die Hemuset-G&#246;ttinnen zugeordnet werden. Obwohl in einem Zeitraum von ca. 250 Jahren in nicht weniger als elf Heiligt&#252;mern Prozessionen der Ka-Genien und der Hemuset-G&#246;ttinnen nachgewiesen werden k&#246;nnen, ist ihnen in der Forschung bislang nicht dieselbe Aufmerksamkeit zuteil geworden wie anderen Prozessionstypen. 0Bettina Ventker geht in ihrem neuen Beitrag zu den Soubassementstudien der Frage nach, wodurch sich die Prozessionen der Kas und Hemusut auszeichnen, wie sie sich von anderen abgrenzen und welche spezifische Bedeutung den Genien in diesem Kontext zukommt."-- Vorwort, page [ix.].</subfield>
</datafield>
<datafield tag="650" ind1=" " ind2="0">
<subfield code="a">Ka (Egyptian religion)</subfield>
</datafield>
<datafield tag="650" ind1=" " ind2="0">
<subfield code="a">Funeral rites and ceremonies</subfield>
<subfield code="z">Egypt.</subfield>
</datafield>
<datafield tag="651" ind1=" " ind2="0">
<subfield code="a">Egypt</subfield>
<subfield code="x">Religion.</subfield>
</datafield>
<datafield tag="651" ind1=" " ind2="7">
<subfield code="a">Aegyptus (Roman imperial province)</subfield>
<subfield code="2">pleiades</subfield>
<subfield code="0">https://pleiades.stoa.org/places/766</subfield>
</datafield>
<datafield tag="650" ind1=" " ind2="7">
<subfield code="a">Funeral rites and ceremonies.</subfield>
<subfield code="2">fast</subfield>
<subfield code="0">(OCoLC)fst00936223</subfield>
</datafield>
<datafield tag="650" ind1=" " ind2="7">
<subfield code="a">Ka (Egyptian religion)</subfield>
<subfield code="2">fast</subfield>
<subfield code="0">(OCoLC)fst00985560</subfield>
</datafield>
<datafield tag="650" ind1=" " ind2="7">
<subfield code="a">Religion.</subfield>
<subfield code="2">fast</subfield>
<subfield code="0">(OCoLC)fst01093763</subfield>
</datafield>
<datafield tag="651" ind1=" " ind2="7">
<subfield code="a">Egypt.</subfield>
<subfield code="2">fast</subfield>
<subfield code="0">(OCoLC)fst01208755</subfield>
</datafield>
<datafield tag="830" ind1=" " ind2="0">
<subfield code="a">Soubassementstudien ;</subfield>
<subfield code="v">6.</subfield>
</datafield>
<datafield tag="830" ind1=" " ind2="0">
<subfield code="a">Studien zur sp&#228;t&#228;gyptischen Religion ;</subfield>
<subfield code="v">Bd. 18.</subfield>
</datafield>
<datafield tag="OWN" ind1=" " ind2=" ">
<subfield code="a">GENERAL</subfield>
</datafield>
<datafield tag="AVA" ind1=" " ind2=" ">
<subfield code="a">NYU50</subfield>
<subfield code="b">NISAW</subfield>
<subfield code="c">Large Collection</subfield>
<subfield code="d">BL2455 .V46 2018</subfield>
<subfield code="e">unavailable</subfield>
<subfield code="t">Unavailable</subfield>
<subfield code="f">1</subfield>
<subfield code="g">1</subfield>
<subfield code="h">N</subfield>
<subfield code="i">0</subfield>
<subfield code="j">LARGE</subfield>
<subfield code="k">0</subfield>
</datafield>
</record>