<record xmlns="http://www.loc.gov/MARC21/slim" xmlns:xsi="http://www.w3.org/2001/XMLSchema-instance" xsi:schemaLocation="http://www.loc.gov/MARC21/slim http://www.loc.gov/standards/marcxml/schema/MARC21slim.xsd">
<leader>00000cam a22      i 4500</leader>
<controlfield tag="FMT">BK</controlfield>
<controlfield tag="LDR">00000cam a22      i 4500</controlfield>
<controlfield tag="001">006225397</controlfield>
<controlfield tag="005">20180713142444.0</controlfield>
<controlfield tag="008">180711s2014    nju      b    001 0 eng</controlfield>
<datafield tag="010" ind1=" " ind2=" ">
<subfield code="a">  2014011898</subfield>
</datafield>
<datafield tag="020" ind1=" " ind2=" ">
<subfield code="a">9781463202620</subfield>
</datafield>
<datafield tag="020" ind1=" " ind2=" ">
<subfield code="a">1463202628</subfield>
</datafield>
<datafield tag="035" ind1=" " ind2=" ">
<subfield code="a">(OCoLC)874970142</subfield>
</datafield>
<datafield tag="040" ind1=" " ind2=" ">
<subfield code="a">DLC</subfield>
<subfield code="b">eng</subfield>
<subfield code="e">rda</subfield>
<subfield code="c">DLC</subfield>
<subfield code="d">YDX</subfield>
<subfield code="d">YDXCP</subfield>
<subfield code="d">BTCTA</subfield>
<subfield code="d">OCLCF</subfield>
<subfield code="d">CHVBK</subfield>
<subfield code="d">OCLCO</subfield>
<subfield code="d">TXA</subfield>
<subfield code="d">OCLCO</subfield>
<subfield code="d">KTS</subfield>
<subfield code="d">OCLCA</subfield>
<subfield code="d">DDO</subfield>
<subfield code="d">NNU</subfield>
</datafield>
<datafield tag="041" ind1="1" ind2=" ">
<subfield code="a">eng</subfield>
<subfield code="a">arm</subfield>
<subfield code="h">arm</subfield>
</datafield>
<datafield tag="042" ind1=" " ind2=" ">
<subfield code="a">pcc</subfield>
</datafield>
<datafield tag="050" ind1="0" ind2="0">
<subfield code="a">BR65.E634</subfield>
<subfield code="b">A7 2014</subfield>
</datafield>
<datafield tag="082" ind1="0" ind2="0">
<subfield code="a">264/.01401</subfield>
<subfield code="2">23</subfield>
</datafield>
<datafield tag="100" ind1="0" ind2=" ">
<subfield code="a">Ephraem,</subfield>
<subfield code="c">Syrus, Saint,</subfield>
<subfield code="d">303-373.</subfield>
</datafield>
<datafield tag="245" ind1="1" ind2="4">
<subfield code="6">880-01</subfield>
<subfield code="a">The Armenian prayers (agh&#333;t&#699;k&#699;) attributed to Ephrem the Syrian</subfield>
</datafield>
<datafield tag="264" ind1=" " ind2="1">
<subfield code="a">Piscataway :</subfield>
<subfield code="b">Gorgias Press,</subfield>
<subfield code="c">2014.</subfield>
</datafield>
<datafield tag="300" ind1=" " ind2=" ">
<subfield code="a">179</subfield>
<subfield code="c">26 cm.</subfield>
</datafield>
<datafield tag="336" ind1=" " ind2=" ">
<subfield code="a">text</subfield>
<subfield code="b">txt</subfield>
<subfield code="2">rdacontent</subfield>
</datafield>
<datafield tag="337" ind1=" " ind2=" ">
<subfield code="a">unmediated</subfield>
<subfield code="b">n</subfield>
<subfield code="2">rdamedia</subfield>
</datafield>
<datafield tag="338" ind1=" " ind2=" ">
<subfield code="a">volume</subfield>
<subfield code="b">nc</subfield>
<subfield code="2">rdacarrier</subfield>
</datafield>
<datafield tag="490" ind1="1" ind2=" ">
<subfield code="a">Texts from Christian late antiquity ;</subfield>
<subfield code="v">36</subfield>
</datafield>
<datafield tag="504" ind1=" " ind2=" ">
<subfield code="a">Includes bibliographical references (pages 165-171) and index.</subfield>
</datafield>
<datafield tag="546" ind1=" " ind2=" ">
<subfield code="a">Text in Armenian and English translation; with introductory material in English.</subfield>
</datafield>
<datafield tag="500" ind1=" " ind2=" ">
<subfield code="a">Non-Latin script record</subfield>
</datafield>
<datafield tag="520" ind1=" " ind2=" ">
<subfield code="a">"Collected together in eight books, probably in eleventh or twelfth century Armenian Cilicia, these prayers are filled with a very profound spirituality and a highly developed poetic rhythm, nearly every line evoking a phrase, an image or an event from the Bible. The author bares his soul in his deep yearning for union with God, groans and pours out all his sins and weaknesses, laying them at the feet of the Almighty, always begging for but still completely trusting in God's inexhaustible mercy. Whatever their relation to the fourth-century Syrian poet St. Ephrem, these exquisite prayers exist only in Armenian. The accompanying English translation makes this work, heretofore the exclusive treasure of the Armenian church, accessible to the western world for the first time."--Back cover.</subfield>
</datafield>
<datafield tag="505" ind1="0" ind2=" ">
<subfield code="a">Introduction -- A Sharakan composed by St. Ners&#275;s Shnorhali (d. 1173) for the feast of St. Ephrem Asori -- Text and Translation. Part I: The Prayers of the Mighty and Holy Ephrem, Our Father from Lower Syria ; Part II: More Prayers from Saint Ephrem ; Part III: More Prayers from [Ephrem] ; Part IV: More Prayers from [Ephrem] on Repentance ; Part V: More Prayers from [Ephrem] ; Part VI: More Prayers from [Ephrem] ; Part VII: More Prayers from [Ephrem] ; Part VIII: More Prayers from [Ephrem].</subfield>
</datafield>
<datafield tag="500" ind1=" " ind2=" ">
<subfield code="a">ISAW copy is from the library of Nina Garso&#239;an.</subfield>
<subfield code="5">NyNyUAW</subfield>
</datafield>
<datafield tag="610" ind1="2" ind2="0">
<subfield code="a">Armenian Church</subfield>
<subfield code="v">Prayers and devotions.</subfield>
</datafield>
<datafield tag="600" ind1="0" ind2="0">
<subfield code="a">Ephraem,</subfield>
<subfield code="c">Syrus, Saint,</subfield>
<subfield code="d">303-373.</subfield>
</datafield>
<datafield tag="651" ind1=" " ind2="7">
<subfield code="a">Edessa/Antiochia ad Callirhoem.</subfield>
<subfield code="2">pleiades</subfield>
<subfield code="0">https://pleiades.stoa.org/places/658457</subfield>
<subfield code="5">NyNyUAW</subfield>
</datafield>
<datafield tag="600" ind1="0" ind2="7">
<subfield code="a">Ephraem,</subfield>
<subfield code="c">Syrus, Saint,</subfield>
<subfield code="d">303-373.</subfield>
<subfield code="2">fast</subfield>
<subfield code="0">(OCoLC)fst00019906</subfield>
</datafield>
<datafield tag="610" ind1="2" ind2="7">
<subfield code="a">Armenian Church.</subfield>
<subfield code="2">fast</subfield>
<subfield code="0">(OCoLC)fst00510579</subfield>
</datafield>
<datafield tag="600" ind1="0" ind2="7">
<subfield code="a">Ephraem</subfield>
<subfield code="c">Syrus</subfield>
<subfield code="d">306-373</subfield>
<subfield code="2">gnd</subfield>
<subfield code="0">(DE-588)118530550</subfield>
</datafield>
<datafield tag="650" ind1=" " ind2="0">
<subfield code="a">Prayers, Early Christian</subfield>
<subfield code="x">History and criticism.</subfield>
</datafield>
<datafield tag="650" ind1=" " ind2="7">
<subfield code="a">Prayers, Early Christian.</subfield>
<subfield code="2">fast</subfield>
<subfield code="0">(OCoLC)fst01074753</subfield>
</datafield>
<datafield tag="650" ind1=" " ind2="7">
<subfield code="a">Armenisch</subfield>
<subfield code="2">gnd</subfield>
<subfield code="0">(DE-588)4120142-5</subfield>
</datafield>
<datafield tag="650" ind1=" " ind2="7">
<subfield code="a">Gebet</subfield>
<subfield code="2">gnd</subfield>
<subfield code="0">(DE-588)4019514-4</subfield>
</datafield>
<datafield tag="655" ind1=" " ind2="7">
<subfield code="a">Criticism, interpretation, etc.</subfield>
<subfield code="2">fast</subfield>
<subfield code="0">(OCoLC)fst01411635</subfield>
</datafield>
<datafield tag="655" ind1=" " ind2="7">
<subfield code="a">Prayers and devotions.</subfield>
<subfield code="2">fast</subfield>
<subfield code="0">(OCoLC)fst01423909</subfield>
</datafield>
<datafield tag="700" ind1="1" ind2=" ">
<subfield code="a">Mathews, Edward G.,</subfield>
<subfield code="c">Jr.,</subfield>
<subfield code="d">1954-</subfield>
<subfield code="e">editor,</subfield>
<subfield code="e">translator.</subfield>
</datafield>
<datafield tag="700" ind1="1" ind2=" ">
<subfield code="a">Garso&#239;an, Nina G.,</subfield>
<subfield code="d">1923-</subfield>
<subfield code="e">former owner.</subfield>
<subfield code="5">NyNyUAW</subfield>
</datafield>
<datafield tag="730" ind1="0" ind2="2">
<subfield code="a">Agh&#333;t&#699;k&#699; z&#333;rawor srboc&#699; h&#333;rn Ep&#699;remi Khorin Asorwoy asats&#699;eal.</subfield>
</datafield>
<datafield tag="730" ind1="0" ind2="2">
<subfield code="a">Agh&#333;t&#699;k&#699; z&#333;rawor srboy h&#333;rn Ep&#699;remi Khorin Asorwoy asats&#699;eal.</subfield>
<subfield code="l">English.</subfield>
</datafield>
<datafield tag="740" ind1="0" ind2=" ">
<subfield code="a">Garso&#239;an Collection.</subfield>
<subfield code="5">NyNyUAW</subfield>
</datafield>
<datafield tag="880" ind1="1" ind2="4">
<subfield code="6">245-01/</subfield>
<subfield code="a">The Armenian prayers (&#1329;&#1394;&#1413;&#1385;&#1412;) attributed to Ephrem the Syrian /</subfield>
<subfield code="c">edited and translated by Edward G. Mathews, Jr.</subfield>
</datafield>
<datafield tag="830" ind1=" " ind2="0">
<subfield code="a">Texts from Christian late antiquity ;</subfield>
<subfield code="v">v. 36.</subfield>
</datafield>
<datafield tag="OWN" ind1=" " ind2=" ">
<subfield code="a">GENERAL</subfield>
</datafield>
<datafield tag="AVA" ind1=" " ind2=" ">
<subfield code="a">NYU50</subfield>
<subfield code="b">NISAW</subfield>
<subfield code="c">Small Collection</subfield>
<subfield code="d">BR65.E634 A7 2014 Non-circulating</subfield>
<subfield code="e">available</subfield>
<subfield code="t">Available</subfield>
<subfield code="f">1</subfield>
<subfield code="g">0</subfield>
<subfield code="h">N</subfield>
<subfield code="i">0</subfield>
<subfield code="j">SMALL</subfield>
<subfield code="k">0</subfield>
</datafield>
</record>