<record xmlns="http://www.loc.gov/MARC21/slim" xmlns:xsi="http://www.w3.org/2001/XMLSchema-instance" xsi:schemaLocation="http://www.loc.gov/MARC21/slim http://www.loc.gov/standards/marcxml/schema/MARC21slim.xsd">
<leader>00000cam a2200613 i 4500</leader>
<controlfield tag="FMT">BK</controlfield>
<controlfield tag="LDR">00000cam a2200613 i 4500</controlfield>
<controlfield tag="001">005904202</controlfield>
<controlfield tag="003">OCoLC</controlfield>
<controlfield tag="005">20180702112853.0</controlfield>
<controlfield tag="008">170929m20179999gw a     b    000 0 fre c</controlfield>
<datafield tag="010" ind1=" " ind2=" ">
<subfield code="a">2017366655</subfield>
</datafield>
<datafield tag="020" ind1=" " ind2=" ">
<subfield code="a">9783506788641</subfield>
<subfield code="q">(v. 1)</subfield>
</datafield>
<datafield tag="020" ind1=" " ind2=" ">
<subfield code="a">3506788647</subfield>
<subfield code="q">(v. 1)</subfield>
</datafield>
<datafield tag="024" ind1="3" ind2=" ">
<subfield code="a">9783506788641</subfield>
</datafield>
<datafield tag="035" ind1="7" ind2=" ">
<subfield code="a">har175018043</subfield>
</datafield>
<datafield tag="035" ind1=" " ind2=" ">
<subfield code="a">(OCoLC)1005072601</subfield>
<subfield code="z">(OCoLC)1005297367</subfield>
</datafield>
<datafield tag="040" ind1=" " ind2=" ">
<subfield code="a">OHX</subfield>
<subfield code="b">eng</subfield>
<subfield code="e">rda</subfield>
<subfield code="c">DLC</subfield>
<subfield code="d">EQO</subfield>
<subfield code="d">CUY</subfield>
<subfield code="d">OCLCF</subfield>
<subfield code="d">UBY</subfield>
<subfield code="d">DLC</subfield>
<subfield code="d">NUI</subfield>
<subfield code="d">YDX</subfield>
<subfield code="d">OHX</subfield>
<subfield code="d">DLC</subfield>
<subfield code="d">OCL</subfield>
<subfield code="d">OCLCO</subfield>
<subfield code="d">IUL</subfield>
<subfield code="d">NNU</subfield>
</datafield>
<datafield tag="041" ind1="1" ind2=" ">
<subfield code="a">fre</subfield>
<subfield code="a">grc</subfield>
<subfield code="h">grc</subfield>
</datafield>
<datafield tag="042" ind1=" " ind2=" ">
<subfield code="a">lccopycat</subfield>
</datafield>
<datafield tag="043" ind1=" " ind2=" ">
<subfield code="a">ff-----</subfield>
<subfield code="a">e------</subfield>
<subfield code="a">aw-----</subfield>
<subfield code="a">f-ua---</subfield>
</datafield>
<datafield tag="050" ind1="0" ind2="0">
<subfield code="a">BR170</subfield>
<subfield code="b">.M47 2017</subfield>
</datafield>
<datafield tag="072" ind1=" " ind2="7">
<subfield code="a">PA</subfield>
<subfield code="2">lcco</subfield>
</datafield>
<datafield tag="079" ind1=" " ind2=" ">
<subfield code="a">(OCoLC)1005072601</subfield>
</datafield>
<datafield tag="082" ind1="0" ind2="0">
<subfield code="a">322/.10937</subfield>
<subfield code="2">23</subfield>
</datafield>
<datafield tag="100" ind1="1" ind2=" ">
<subfield code="a">Messerer, Carmen,</subfield>
<subfield code="e">author.</subfield>
</datafield>
<datafield tag="245" ind1="1" ind2="0">
<subfield code="a">Corpus des papyrus grecs sur les relations administratives entre le clerg&#233; &#233;gyptien et les autorit&#233;s romaines /</subfield>
<subfield code="c">Carmen Messerer.</subfield>
</datafield>
<datafield tag="264" ind1=" " ind2="1">
<subfield code="a">Paderborn :</subfield>
<subfield code="b">Ferdinand Sch&#246;ningh,</subfield>
<subfield code="c">[2017]-</subfield>
</datafield>
<datafield tag="300" ind1=" " ind2=" ">
<subfield code="a">volumes :</subfield>
<subfield code="b">illustrations ;</subfield>
<subfield code="c">24 cm.</subfield>
</datafield>
<datafield tag="336" ind1=" " ind2=" ">
<subfield code="a">text</subfield>
<subfield code="b">txt</subfield>
<subfield code="2">rdacontent</subfield>
</datafield>
<datafield tag="337" ind1=" " ind2=" ">
<subfield code="a">unmediated</subfield>
<subfield code="b">n</subfield>
<subfield code="2">rdamedia</subfield>
</datafield>
<datafield tag="338" ind1=" " ind2=" ">
<subfield code="a">volume</subfield>
<subfield code="b">nc</subfield>
<subfield code="2">rdacarrier</subfield>
</datafield>
<datafield tag="490" ind1="1" ind2=" ">
<subfield code="a">Abhandlungen der Nordrhein-Westf&#228;lischen Akademie der Wissenschaften und der K&#252;nste. Sonderreihe Papyrologica Coloniensia ;</subfield>
<subfield code="v">vol. XLI</subfield>
</datafield>
<datafield tag="546" ind1=" " ind2=" ">
<subfield code="a">In French; texts in Hellenistic Greek with French translation.</subfield>
</datafield>
<datafield tag="500" ind1=" " ind2=" ">
<subfield code="a">"In Zusammenarbeit mit der Arbeitsstelle f&#252;r Papyrusforschung im Institut f&#252;r Altertumskunde der Universit&#228;t zu K&#246;ln"--Volume 1, title page verso.</subfield>
</datafield>
<datafield tag="504" ind1=" " ind2=" ">
<subfield code="a">Includes bibliographical references.</subfield>
</datafield>
<datafield tag="650" ind1=" " ind2="0">
<subfield code="a">Church and state</subfield>
<subfield code="z">Rome</subfield>
<subfield code="x">History</subfield>
<subfield code="v">Sources.</subfield>
</datafield>
<datafield tag="650" ind1=" " ind2="0">
<subfield code="a">Clergy</subfield>
<subfield code="z">Egypt</subfield>
<subfield code="x">History</subfield>
<subfield code="y">To 1500</subfield>
<subfield code="v">Sources.</subfield>
</datafield>
<datafield tag="651" ind1=" " ind2="0">
<subfield code="a">Egypt</subfield>
<subfield code="x">Church history</subfield>
<subfield code="v">Sources.</subfield>
</datafield>
<datafield tag="650" ind1=" " ind2="0">
<subfield code="a">Manuscripts, Greek (Papyri)</subfield>
</datafield>
<datafield tag="651" ind1=" " ind2="7">
<subfield code="a">Aegyptus (Roman imperial province)</subfield>
<subfield code="2">pleiades</subfield>
<subfield code="0">https://pleiades.stoa.org/places/766</subfield>
<subfield code="5">NyNyUAW</subfield>
</datafield>
<datafield tag="710" ind1="2" ind2=" ">
<subfield code="a">Universit&#228;t zu K&#246;ln.</subfield>
<subfield code="b">Arbeitsstelle f&#252;r Papyrusforschung.</subfield>
</datafield>
<datafield tag="830" ind1=" " ind2="0">
<subfield code="a">Abhandlungen der Nordrhein-Westf&#228;lischen Akademie der Wissenschaften und der K&#252;nste.</subfield>
<subfield code="p">Sonderreihe Papyrologica Coloniensia ;</subfield>
<subfield code="v">v. 41.</subfield>
</datafield>
<datafield tag="OWN" ind1=" " ind2=" ">
<subfield code="a">GENERAL</subfield>
</datafield>
<datafield tag="AVA" ind1=" " ind2=" ">
<subfield code="a">NYU50</subfield>
<subfield code="b">BOBST</subfield>
<subfield code="c">Main Collection</subfield>
<subfield code="d">BR170 .M47 2017</subfield>
<subfield code="e">available</subfield>
<subfield code="t">Available</subfield>
<subfield code="f">1</subfield>
<subfield code="g">0</subfield>
<subfield code="h">Y</subfield>
<subfield code="i">0</subfield>
<subfield code="j">MAIN</subfield>
<subfield code="k">0</subfield>
</datafield>
<datafield tag="AVA" ind1=" " ind2=" ">
<subfield code="a">NYU50</subfield>
<subfield code="b">NISAW</subfield>
<subfield code="c">Small Collection</subfield>
<subfield code="d">BR170 .M47 2017 Non-circulating</subfield>
<subfield code="e">available</subfield>
<subfield code="t">Available</subfield>
<subfield code="f">1</subfield>
<subfield code="g">0</subfield>
<subfield code="h">Y</subfield>
<subfield code="i">0</subfield>
<subfield code="j">SMALL</subfield>
<subfield code="k">0</subfield>
</datafield>
</record>