<record xmlns="http://www.loc.gov/MARC21/slim" xmlns:xsi="http://www.w3.org/2001/XMLSchema-instance" xsi:schemaLocation="http://www.loc.gov/MARC21/slim http://www.loc.gov/standards/marcxml/schema/MARC21slim.xsd">
<leader>00000cam a22      i 4500</leader>
<controlfield tag="FMT">BK</controlfield>
<controlfield tag="LDR">00000cam a22      i 4500</controlfield>
<controlfield tag="001">006225426</controlfield>
<controlfield tag="005">20180713142240.0</controlfield>
<controlfield tag="008">180711s2017    be       b    001 0 eng</controlfield>
<datafield tag="010" ind1=" " ind2=" ">
<subfield code="a">  2017010683</subfield>
<subfield code="z">  2017385261</subfield>
</datafield>
<datafield tag="020" ind1=" " ind2=" ">
<subfield code="a">9789004343207</subfield>
<subfield code="q">(hardback)</subfield>
</datafield>
<datafield tag="020" ind1=" " ind2=" ">
<subfield code="a">9004343202</subfield>
<subfield code="q">(hardback)</subfield>
</datafield>
<datafield tag="020" ind1=" " ind2=" ">
<subfield code="a">9789004343214</subfield>
<subfield code="q">(e-book)</subfield>
</datafield>
<datafield tag="020" ind1=" " ind2=" ">
<subfield code="a">9004343210</subfield>
<subfield code="q">(e-book)</subfield>
</datafield>
<datafield tag="035" ind1=" " ind2=" ">
<subfield code="a">(OCoLC)995162249</subfield>
</datafield>
<datafield tag="040" ind1=" " ind2=" ">
<subfield code="a">DLC</subfield>
<subfield code="b">eng</subfield>
<subfield code="e">rda</subfield>
<subfield code="c">DLC</subfield>
<subfield code="d">OCLCO</subfield>
<subfield code="d">OCLCQ</subfield>
<subfield code="d">J9U</subfield>
<subfield code="d">NNU</subfield>
</datafield>
<datafield tag="041" ind1="1" ind2=" ">
<subfield code="a">eng</subfield>
<subfield code="a">arm</subfield>
<subfield code="h">arm</subfield>
</datafield>
<datafield tag="042" ind1=" " ind2=" ">
<subfield code="a">pcc</subfield>
</datafield>
<datafield tag="050" ind1="0" ind2="0">
<subfield code="a">BS2833.A76</subfield>
<subfield code="b">T46 2017</subfield>
</datafield>
<datafield tag="082" ind1="0" ind2="0">
<subfield code="a">229/.925</subfield>
<subfield code="2">23</subfield>
</datafield>
<datafield tag="100" ind1="1" ind2=" ">
<subfield code="a">Thomson, Robert W.,</subfield>
<subfield code="d">1934-</subfield>
<subfield code="e">author,</subfield>
<subfield code="e">editor,</subfield>
<subfield code="e">translator.</subfield>
</datafield>
<datafield tag="245" ind1="1" ind2="0">
<subfield code="a">Nerses of Lambron: commentary on the Dormition of Saint John /</subfield>
<subfield code="c">Armenian text and annotated translation by Robert W. Thomson.</subfield>
</datafield>
<datafield tag="246" ind1="3" ind2="0">
<subfield code="a">Commentary on the Dormition of Saint John</subfield>
</datafield>
<datafield tag="264" ind1=" " ind2="1">
<subfield code="a">Leiden ;</subfield>
<subfield code="a">Boston :</subfield>
<subfield code="b">Brill,</subfield>
<subfield code="c">[2017]</subfield>
</datafield>
<datafield tag="300" ind1=" " ind2=" ">
<subfield code="a">229</subfield>
<subfield code="c">25 cm.</subfield>
</datafield>
<datafield tag="336" ind1=" " ind2=" ">
<subfield code="a">text</subfield>
<subfield code="b">txt</subfield>
<subfield code="2">rdacontent</subfield>
</datafield>
<datafield tag="337" ind1=" " ind2=" ">
<subfield code="a">unmediated</subfield>
<subfield code="b">n</subfield>
<subfield code="2">rdamedia</subfield>
</datafield>
<datafield tag="338" ind1=" " ind2=" ">
<subfield code="a">volume</subfield>
<subfield code="b">nc</subfield>
<subfield code="2">rdacarrier</subfield>
</datafield>
<datafield tag="490" ind1="0" ind2=" ">
<subfield code="a">Armenian texts and studies,</subfield>
<subfield code="x">2405-7045 ;</subfield>
<subfield code="v">volume 1</subfield>
</datafield>
<datafield tag="546" ind1=" " ind2=" ">
<subfield code="a">In English and Armenian; Armenian text of original document included.</subfield>
</datafield>
<datafield tag="504" ind1=" " ind2=" ">
<subfield code="a">Includes bibliographical references and indexes.</subfield>
</datafield>
<datafield tag="500" ind1=" " ind2=" ">
<subfield code="a">ISAW copy is from the library of Nina Garso&#239;an.</subfield>
<subfield code="5">NyNyUAW</subfield>
</datafield>
<datafield tag="630" ind1="0" ind2="0">
<subfield code="a">Dormition of Saint John</subfield>
<subfield code="v">Commentaries.</subfield>
</datafield>
<datafield tag="600" ind1="0" ind2="0">
<subfield code="a">Nerses,</subfield>
<subfield code="c">of Lambron, Saint,</subfield>
<subfield code="d">1153-1198.</subfield>
</datafield>
<datafield tag="630" ind1="0" ind2="4">
<subfield code="a">Dormition of Saint John</subfield>
<subfield code="v">Commentaries.</subfield>
</datafield>
<datafield tag="650" ind1=" " ind2="0">
<subfield code="a">Apocryphal books.</subfield>
</datafield>
<datafield tag="651" ind1=" " ind2="7">
<subfield code="a">Tarsus/Antiochia ad Cydnum.</subfield>
<subfield code="2">pleiades</subfield>
<subfield code="0">https://pleiades.stoa.org/places/648789</subfield>
<subfield code="5">NyNyUAW</subfield>
</datafield>
<datafield tag="700" ind1="0" ind2=" ">
<subfield code="a">Nerses,</subfield>
<subfield code="c">of Lambron, Saint,</subfield>
<subfield code="d">1153-1198,</subfield>
<subfield code="e">author.</subfield>
</datafield>
<datafield tag="700" ind1="0" ind2="2">
<subfield code="a">Nerses,</subfield>
<subfield code="c">of Lambron, Saint,</subfield>
<subfield code="d">1153-1198.</subfield>
<subfield code="t">Tesut&#699;iwn k&#699;nnut&#699;eamb aghawt&#699;its&#699; surb awetaranch&#699;in Yovhanu.</subfield>
</datafield>
<datafield tag="700" ind1="0" ind2="2">
<subfield code="a">Nerses,</subfield>
<subfield code="c">of Lambron, Saint,</subfield>
<subfield code="d">1153-1198.</subfield>
<subfield code="t">Tesut&#699;iwn k&#699;nnut&#699;eamb aghawt&#699;its&#699; surb awetaranch&#699;in Yovhanu.</subfield>
<subfield code="l">English.</subfield>
</datafield>
<datafield tag="700" ind1="1" ind2=" ">
<subfield code="a">Garso&#239;an, Nina G.,</subfield>
<subfield code="d">1923-</subfield>
<subfield code="e">former owner.</subfield>
<subfield code="5">NyNyUAW</subfield>
</datafield>
<datafield tag="740" ind1="0" ind2=" ">
<subfield code="a">Garso&#239;an Collection.</subfield>
<subfield code="5">NyNyUAW</subfield>
</datafield>
<datafield tag="776" ind1="0" ind2="8">
<subfield code="i">Online version:</subfield>
<subfield code="a">Thomson, Robert W., 1934- author, editor, translator.</subfield>
<subfield code="t">Nerses of Lambron Commentary on the Dormition of Saint John.</subfield>
<subfield code="d">Boston ; Leiden : Brill, 2017</subfield>
<subfield code="z">9789004343214</subfield>
<subfield code="w">(DLC) 2017035647</subfield>
</datafield>
<datafield tag="OWN" ind1=" " ind2=" ">
<subfield code="a">GENERAL</subfield>
</datafield>
<datafield tag="AVA" ind1=" " ind2=" ">
<subfield code="a">NYU50</subfield>
<subfield code="b">NISAW</subfield>
<subfield code="c">Small Collection</subfield>
<subfield code="d">BS2833.A76 T46 2017 Non-circulating</subfield>
<subfield code="e">available</subfield>
<subfield code="t">Available</subfield>
<subfield code="f">1</subfield>
<subfield code="g">0</subfield>
<subfield code="h">N</subfield>
<subfield code="i">0</subfield>
<subfield code="j">SMALL</subfield>
<subfield code="k">0</subfield>
</datafield>
</record>