<record xmlns="http://www.loc.gov/MARC21/slim" xmlns:xsi="http://www.w3.org/2001/XMLSchema-instance" xsi:schemaLocation="http://www.loc.gov/MARC21/slim http://www.loc.gov/standards/marcxml/schema/MARC21slim.xsd">
<leader>00000cam a22     Ia 4500</leader>
<controlfield tag="FMT">BK</controlfield>
<controlfield tag="LDR">00000cam a22     Ia 4500</controlfield>
<controlfield tag="001">006218972</controlfield>
<controlfield tag="005">20180709121830.0</controlfield>
<controlfield tag="008">180702r20011913njuae    b    001 0 eng d</controlfield>
<datafield tag="020" ind1=" " ind2=" ">
<subfield code="a">0971598622</subfield>
</datafield>
<datafield tag="020" ind1=" " ind2=" ">
<subfield code="a">9780971598621</subfield>
</datafield>
<datafield tag="035" ind1=" " ind2=" ">
<subfield code="a">(OCoLC)49315273</subfield>
</datafield>
<datafield tag="040" ind1=" " ind2=" ">
<subfield code="a">TEF</subfield>
<subfield code="b">eng</subfield>
<subfield code="c">TEF</subfield>
<subfield code="d">BAKER</subfield>
<subfield code="d">LVB</subfield>
<subfield code="d">OCLCG</subfield>
<subfield code="d">OCLCF</subfield>
<subfield code="d">SIW</subfield>
<subfield code="d">OCLCQ</subfield>
<subfield code="d">OCLCO</subfield>
<subfield code="d">ZYU</subfield>
</datafield>
<datafield tag="050" ind1=" " ind2="4">
<subfield code="a">BX106</subfield>
<subfield code="b">.F67 2001</subfield>
</datafield>
<datafield tag="100" ind1="1" ind2=" ">
<subfield code="a">Fortescue, Adrian,</subfield>
<subfield code="d">1874-1923.</subfield>
</datafield>
<datafield tag="245" ind1="1" ind2="4">
<subfield code="a">The lesser eastern churches /</subfield>
<subfield code="c">Adrian Fortescue.</subfield>
</datafield>
<datafield tag="250" ind1=" " ind2=" ">
<subfield code="a">1st Gorgias Press ed.</subfield>
</datafield>
<datafield tag="260" ind1=" " ind2=" ">
<subfield code="a">Piscataway, NJ :</subfield>
<subfield code="b">Gorgias Press,</subfield>
<subfield code="c">2001.</subfield>
</datafield>
<datafield tag="300" ind1=" " ind2=" ">
<subfield code="a">468</subfield>
<subfield code="b">illustrations, plans ;</subfield>
<subfield code="c">23 cm.</subfield>
</datafield>
<datafield tag="336" ind1=" " ind2=" ">
<subfield code="a">text</subfield>
<subfield code="b">txt</subfield>
<subfield code="2">rdacontent</subfield>
</datafield>
<datafield tag="337" ind1=" " ind2=" ">
<subfield code="a">unmediated</subfield>
<subfield code="b">n</subfield>
<subfield code="2">rdamedia</subfield>
</datafield>
<datafield tag="338" ind1=" " ind2=" ">
<subfield code="a">volume</subfield>
<subfield code="b">nc</subfield>
<subfield code="2">rdacarrier</subfield>
</datafield>
<datafield tag="490" ind1="1" ind2=" ">
<subfield code="a">Gorgias reprint series ;</subfield>
<subfield code="v">v. 12</subfield>
</datafield>
<datafield tag="490" ind1="1" ind2=" ">
<subfield code="a">The eastern churches trilogy ;</subfield>
<subfield code="v">2</subfield>
</datafield>
<datafield tag="500" ind1=" " ind2=" ">
<subfield code="a">"Published in the United States of America ... from the edition originally published in London by the Catholic Trust Society in 1913"--Title page verso.</subfield>
</datafield>
<datafield tag="504" ind1=" " ind2=" ">
<subfield code="a">Includes bibliographical references and index.</subfield>
</datafield>
<datafield tag="520" ind1="8" ind2=" ">
<subfield code="a">Eastern Churches Trilogy: see separate titles (v.1) Orthodox Eastern Churches and (v.3) Uniate Eastern Churches.</subfield>
</datafield>
<datafield tag="500" ind1=" " ind2=" ">
<subfield code="a">ISAW copy is from the library of Nina Garso&#239;an.</subfield>
<subfield code="5">NyNyUAW</subfield>
</datafield>
<datafield tag="650" ind1=" " ind2="0">
<subfield code="a">Eastern churches.</subfield>
</datafield>
<datafield tag="650" ind1=" " ind2="7">
<subfield code="a">Eastern churches.</subfield>
<subfield code="2">fast</subfield>
<subfield code="0">(OCoLC)fst00901150</subfield>
</datafield>
<datafield tag="600" ind1="1" ind2="0">
<subfield code="a">Fortescue, Adrian,</subfield>
<subfield code="d">1874-1923.</subfield>
<subfield code="t">Eastern churches trilogy</subfield>
<subfield code="v">2.</subfield>
</datafield>
<datafield tag="700" ind1="1" ind2=" ">
<subfield code="a">Garso&#239;an, Nina G.,</subfield>
<subfield code="d">1923-</subfield>
<subfield code="e">former owner.</subfield>
<subfield code="5">NyNyUAW</subfield>
</datafield>
<datafield tag="740" ind1="0" ind2=" ">
<subfield code="a">Garso&#239;an Collection.</subfield>
<subfield code="5">NyNyUAW</subfield>
</datafield>
<datafield tag="830" ind1=" " ind2="0">
<subfield code="a">Gorgias reprint series ;</subfield>
<subfield code="v">v. 12.</subfield>
</datafield>
<datafield tag="OWN" ind1=" " ind2=" ">
<subfield code="a">GENERAL</subfield>
</datafield>
<datafield tag="AVA" ind1=" " ind2=" ">
<subfield code="a">NYU50</subfield>
<subfield code="b">NISAW</subfield>
<subfield code="c">Small Collection</subfield>
<subfield code="d">BX106 .F67 2001 Non-circulating</subfield>
<subfield code="e">unavailable</subfield>
<subfield code="t">Unavailable</subfield>
<subfield code="f">1</subfield>
<subfield code="g">1</subfield>
<subfield code="h">N</subfield>
<subfield code="i">0</subfield>
<subfield code="j">SMALL</subfield>
<subfield code="k">0</subfield>
</datafield>
</record>