<record xmlns="http://www.loc.gov/MARC21/slim" xmlns:xsi="http://www.w3.org/2001/XMLSchema-instance" xsi:schemaLocation="http://www.loc.gov/MARC21/slim http://www.loc.gov/standards/marcxml/schema/MARC21slim.xsd">
<leader>00000cam a22      a 4500</leader>
<controlfield tag="FMT">BK</controlfield>
<controlfield tag="LDR">00000cam a22      a 4500</controlfield>
<controlfield tag="001">006218941</controlfield>
<controlfield tag="005">20180709133211.0</controlfield>
<controlfield tag="008">180702s1995    nyub     b    000 0deng d</controlfield>
<datafield tag="010" ind1=" " ind2=" ">
<subfield code="a">   96141781</subfield>
</datafield>
<datafield tag="035" ind1=" " ind2=" ">
<subfield code="a">(OCoLC)32661429</subfield>
</datafield>
<datafield tag="040" ind1=" " ind2=" ">
<subfield code="a">MMeT</subfield>
<subfield code="b">eng</subfield>
<subfield code="c">DLC</subfield>
<subfield code="d">OCLCQ</subfield>
<subfield code="d">BTCTA</subfield>
<subfield code="d">OCLCO</subfield>
<subfield code="d">OCLCA</subfield>
<subfield code="d">OCLCF</subfield>
<subfield code="d">OCLCQ</subfield>
</datafield>
<datafield tag="041" ind1="0" ind2=" ">
<subfield code="a">eng</subfield>
<subfield code="a">arm</subfield>
</datafield>
<datafield tag="042" ind1=" " ind2=" ">
<subfield code="a">lccopycat</subfield>
</datafield>
<datafield tag="043" ind1=" " ind2=" ">
<subfield code="a">a-ai---</subfield>
<subfield code="a">a-tu---</subfield>
<subfield code="a">a-ir---</subfield>
</datafield>
<datafield tag="050" ind1="0" ind2="0">
<subfield code="a">BX123.2</subfield>
<subfield code="b">.M34 1995</subfield>
</datafield>
<datafield tag="082" ind1="0" ind2="0">
<subfield code="a">262/.12162</subfield>
<subfield code="2">21</subfield>
</datafield>
<datafield tag="100" ind1="1" ind2=" ">
<subfield code="a">Maksoudian, Krikor H.</subfield>
</datafield>
<datafield tag="245" ind1="1" ind2="0">
<subfield code="a">Chosen of God :</subfield>
<subfield code="b">the election of the Catholicos of All Armenians from the fourth century to the present /</subfield>
<subfield code="c">by Father Krikor Vardapet Maksoudian ; edited by Christopher H. Zakian.</subfield>
</datafield>
<datafield tag="260" ind1=" " ind2=" ">
<subfield code="a">New York :</subfield>
<subfield code="b">St. Vartan Press :</subfield>
<subfield code="b">Krikor and Clara Zohrab Information Center, Diocese of the Armenian Church of America,</subfield>
<subfield code="c">&#169;1995.</subfield>
</datafield>
<datafield tag="300" ind1=" " ind2=" ">
<subfield code="a">194</subfield>
<subfield code="b">1 folded map ;</subfield>
<subfield code="c">23 cm</subfield>
</datafield>
<datafield tag="336" ind1=" " ind2=" ">
<subfield code="a">text</subfield>
<subfield code="b">txt</subfield>
<subfield code="2">rdacontent</subfield>
</datafield>
<datafield tag="337" ind1=" " ind2=" ">
<subfield code="a">unmediated</subfield>
<subfield code="b">n</subfield>
<subfield code="2">rdamedia</subfield>
</datafield>
<datafield tag="338" ind1=" " ind2=" ">
<subfield code="a">volume</subfield>
<subfield code="b">nc</subfield>
<subfield code="2">rdacarrier</subfield>
</datafield>
<datafield tag="546" ind1=" " ind2=" ">
<subfield code="a">Text in English; appendices 1-5 in Armenian.</subfield>
</datafield>
<datafield tag="504" ind1=" " ind2=" ">
<subfield code="a">Includes bibliographical references (pages 185-194).</subfield>
</datafield>
<datafield tag="500" ind1=" " ind2=" ">
<subfield code="a">ISAW copy is from the library of Nina Garso&#239;an.</subfield>
<subfield code="5">NyNyUAW</subfield>
</datafield>
<datafield tag="650" ind1=" " ind2="0">
<subfield code="a">Catholicoi and catholicate (Armenian Church)</subfield>
<subfield code="x">History.</subfield>
</datafield>
<datafield tag="610" ind1="2" ind2="0">
<subfield code="a">Armenian Church</subfield>
<subfield code="x">Bishops</subfield>
<subfield code="x">Appointment, call, and election.</subfield>
</datafield>
<datafield tag="610" ind1="2" ind2="0">
<subfield code="a">Armenian Church</subfield>
<subfield code="x">History.</subfield>
</datafield>
<datafield tag="651" ind1=" " ind2="0">
<subfield code="a">Armenia</subfield>
<subfield code="x">Church history.</subfield>
</datafield>
<datafield tag="651" ind1=" " ind2="0">
<subfield code="a">Armenia (Republic)</subfield>
<subfield code="x">Church history.</subfield>
</datafield>
<datafield tag="650" ind1=" " ind2="0">
<subfield code="a">Oriental Orthodox churches</subfield>
<subfield code="z">Armenia</subfield>
<subfield code="x">History.</subfield>
</datafield>
<datafield tag="650" ind1=" " ind2="0">
<subfield code="a">Oriental Orthodox churches</subfield>
<subfield code="z">Armenia (Republic)</subfield>
<subfield code="x">History.</subfield>
</datafield>
<datafield tag="651" ind1=" " ind2="7">
<subfield code="a">Armenia.</subfield>
<subfield code="2">pleiades</subfield>
<subfield code="0">https://pleiades.stoa.org/places/874350</subfield>
<subfield code="5">NyNyUAW</subfield>
</datafield>
<datafield tag="610" ind1="2" ind2="7">
<subfield code="a">Armenian Church.</subfield>
<subfield code="2">fast</subfield>
<subfield code="0">(OCoLC)fst00510579</subfield>
</datafield>
<datafield tag="650" ind1=" " ind2="7">
<subfield code="a">Bishops</subfield>
<subfield code="x">Appointment, call, and election.</subfield>
<subfield code="2">fast</subfield>
<subfield code="0">(OCoLC)fst00833379</subfield>
</datafield>
<datafield tag="650" ind1=" " ind2="7">
<subfield code="a">Catholicoi and catholicate (Armenian Church)</subfield>
<subfield code="2">fast</subfield>
<subfield code="0">(OCoLC)fst00849296</subfield>
</datafield>
<datafield tag="650" ind1=" " ind2="7">
<subfield code="a">Oriental Orthodox churches.</subfield>
<subfield code="2">fast</subfield>
<subfield code="0">(OCoLC)fst01048072</subfield>
</datafield>
<datafield tag="651" ind1=" " ind2="7">
<subfield code="a">Armenia (Republic)</subfield>
<subfield code="2">fast</subfield>
<subfield code="0">(OCoLC)fst01262063</subfield>
</datafield>
<datafield tag="651" ind1=" " ind2="7">
<subfield code="a">Asia</subfield>
<subfield code="z">Armenia.</subfield>
<subfield code="2">fast</subfield>
<subfield code="0">(OCoLC)fst01206470</subfield>
</datafield>
<datafield tag="655" ind1=" " ind2="7">
<subfield code="a">Church history.</subfield>
<subfield code="2">fast</subfield>
<subfield code="0">(OCoLC)fst01411629</subfield>
</datafield>
<datafield tag="655" ind1=" " ind2="7">
<subfield code="a">History.</subfield>
<subfield code="2">fast</subfield>
<subfield code="0">(OCoLC)fst01411628</subfield>
</datafield>
<datafield tag="700" ind1="1" ind2=" ">
<subfield code="a">Zakian, Christopher H.</subfield>
</datafield>
<datafield tag="700" ind1="1" ind2=" ">
<subfield code="a">Garso&#239;an, Nina G.,</subfield>
<subfield code="d">1923-</subfield>
<subfield code="e">former owner.</subfield>
<subfield code="5">NyNyUAW</subfield>
</datafield>
<datafield tag="710" ind1="2" ind2=" ">
<subfield code="a">Krikor and Clara Zohrab Information Center.</subfield>
</datafield>
<datafield tag="740" ind1="0" ind2=" ">
<subfield code="a">Garso&#239;an Collection.</subfield>
<subfield code="5">NyNyUAW</subfield>
</datafield>
<datafield tag="776" ind1="0" ind2="8">
<subfield code="i">Online version:</subfield>
<subfield code="a">Maksoudian, Krikor H.</subfield>
<subfield code="t">Chosen of God.</subfield>
<subfield code="d">New York : St. Vartan Press : Krikor and Clara Zohrab Information Center, Diocese of the Armenian Church of America, &#169;1995</subfield>
<subfield code="w">(OCoLC)742328169</subfield>
</datafield>
<datafield tag="OWN" ind1=" " ind2=" ">
<subfield code="a">GENERAL</subfield>
</datafield>
<datafield tag="AVA" ind1=" " ind2=" ">
<subfield code="a">NYU50</subfield>
<subfield code="b">NISAW</subfield>
<subfield code="c">Small Collection</subfield>
<subfield code="d">BX123.2 .M34 1995 Non-circulating</subfield>
<subfield code="e">available</subfield>
<subfield code="t">Available</subfield>
<subfield code="f">1</subfield>
<subfield code="g">0</subfield>
<subfield code="h">N</subfield>
<subfield code="i">0</subfield>
<subfield code="j">SMALL</subfield>
<subfield code="k">0</subfield>
</datafield>
</record>