<record xmlns="http://www.loc.gov/MARC21/slim" xmlns:xsi="http://www.w3.org/2001/XMLSchema-instance" xsi:schemaLocation="http://www.loc.gov/MARC21/slim http://www.loc.gov/standards/marcxml/schema/MARC21slim.xsd">
<leader>00000cam a22      a 4500</leader>
<controlfield tag="FMT">BK</controlfield>
<controlfield tag="LDR">00000cam a22      a 4500</controlfield>
<controlfield tag="001">006254692</controlfield>
<controlfield tag="005">20180725102840.0</controlfield>
<controlfield tag="008">180725s1975    ir a     c    000 0 armo</controlfield>
<datafield tag="010" ind1=" " ind2=" ">
<subfield code="a">   94959379</subfield>
</datafield>
<datafield tag="035" ind1=" " ind2=" ">
<subfield code="a">(OCoLC)38862226</subfield>
</datafield>
<datafield tag="040" ind1=" " ind2=" ">
<subfield code="a">DLC</subfield>
<subfield code="b">eng</subfield>
<subfield code="c">DLC</subfield>
<subfield code="d">OCLCO</subfield>
<subfield code="d">OCLCA</subfield>
<subfield code="d">OCLCQ</subfield>
<subfield code="d">OCLCF</subfield>
<subfield code="d">ZYU</subfield>
</datafield>
<datafield tag="041" ind1="0" ind2=" ">
<subfield code="a">arm</subfield>
<subfield code="a">eng</subfield>
<subfield code="a">fre</subfield>
<subfield code="a">per</subfield>
</datafield>
<datafield tag="042" ind1=" " ind2=" ">
<subfield code="a">lcode</subfield>
</datafield>
<datafield tag="043" ind1=" " ind2=" ">
<subfield code="a">a-ir---</subfield>
</datafield>
<datafield tag="050" ind1="0" ind2="0">
<subfield code="a">BX124.5.J8</subfield>
<subfield code="b">P38 1975</subfield>
</datafield>
<datafield tag="245" ind1="0" ind2="0">
<subfield code="a">Patkeragirk&#699; Surb Amenap&#699;rkich&#699; Vanats&#699;, Nor Jugha /</subfield>
<subfield code="c">[khmbagir, Mesrop Ashchean ; parsker&#275;n bnagrer&#283; Hrand Ghukaseani].</subfield>
</datafield>
<datafield tag="246" ind1="1" ind2="5">
<subfield code="a">Album, All Saviour's Cathedral, New Julfa, Isfahan</subfield>
</datafield>
<datafield tag="246" ind1="1" ind2="5">
<subfield code="a">Album, Cathedral le Saint Sauveur, Nouvelle Joulfa</subfield>
</datafield>
<datafield tag="246" ind1="1" ind2="5">
<subfield code="6">880-01</subfield>
<subfield code="a">Nig&#257;rn&#257;mah-i kal&#299;s&#257;-yi v&#257;nik-i Julf&#257;-yi I&#7779;fah&#257;n va m&#363;zih-i &#257;n</subfield>
</datafield>
<datafield tag="260" ind1=" " ind2=" ">
<subfield code="a">[Tehran] :</subfield>
<subfield code="b">Hratarakut&#699;iwn Irana-Hndkastani Hayots&#699; T&#699;emakan Khorhrdi,</subfield>
<subfield code="c">1975.</subfield>
</datafield>
<datafield tag="300" ind1=" " ind2=" ">
<subfield code="a">93 pages :</subfield>
<subfield code="b">illustrations (some color) ;</subfield>
<subfield code="c">23 x 24 cm</subfield>
</datafield>
<datafield tag="336" ind1=" " ind2=" ">
<subfield code="a">text</subfield>
<subfield code="b">txt</subfield>
<subfield code="2">rdacontent</subfield>
</datafield>
<datafield tag="337" ind1=" " ind2=" ">
<subfield code="a">unmediated</subfield>
<subfield code="b">n</subfield>
<subfield code="2">rdamedia</subfield>
</datafield>
<datafield tag="338" ind1=" " ind2=" ">
<subfield code="a">volume</subfield>
<subfield code="b">nc</subfield>
<subfield code="2">rdacarrier</subfield>
</datafield>
<datafield tag="546" ind1=" " ind2=" ">
<subfield code="a">Armenian, English, French, and Persian.</subfield>
</datafield>
<datafield tag="500" ind1=" " ind2=" ">
<subfield code="a">ISAW copy is from the library of Nina Garso&#239;an.</subfield>
<subfield code="5">NyNyUAW</subfield>
</datafield>
<datafield tag="610" ind1="2" ind2="0">
<subfield code="a">Amenap&#699;rkich&#699; Vank&#699; (Julfa, I&#7779;fah&#257;n, Iran)</subfield>
</datafield>
<datafield tag="610" ind1="2" ind2="0">
<subfield code="a">Amenap&#699;rkich&#699; Vank&#699; (Julfa, I&#7779;fah&#257;n, Iran)</subfield>
<subfield code="v">Catalogs.</subfield>
</datafield>
<datafield tag="610" ind1="2" ind2="0">
<subfield code="a">Armenian Church</subfield>
<subfield code="z">Iran</subfield>
<subfield code="z">Julfa (I&#7779;fah&#257;n)</subfield>
<subfield code="x">History.</subfield>
</datafield>
<datafield tag="610" ind1="2" ind2="7">
<subfield code="a">Amenap&#699;rkich&#699; Vank&#699; (Julfa, I&#7779;fah&#257;n, Iran)</subfield>
<subfield code="2">fast</subfield>
<subfield code="0">(OCoLC)fst00632898</subfield>
</datafield>
<datafield tag="610" ind1="2" ind2="7">
<subfield code="a">Armenian Church.</subfield>
<subfield code="2">fast</subfield>
<subfield code="0">(OCoLC)fst00510579</subfield>
</datafield>
<datafield tag="650" ind1=" " ind2="0">
<subfield code="a">Church architecture</subfield>
<subfield code="z">Iran</subfield>
<subfield code="z">Julfa (I&#7779;fah&#257;n)</subfield>
</datafield>
<datafield tag="655" ind1=" " ind2="7">
<subfield code="a">History.</subfield>
<subfield code="2">fast</subfield>
<subfield code="0">(OCoLC)fst01411628</subfield>
</datafield>
<datafield tag="700" ind1="1" ind2=" ">
<subfield code="a">Ashjian, Mesrob,</subfield>
<subfield code="d">1942-2003.</subfield>
</datafield>
<datafield tag="700" ind1="1" ind2=" ">
<subfield code="a">Ghukasean, Hrand.</subfield>
</datafield>
<datafield tag="700" ind1="1" ind2=" ">
<subfield code="a">Garso&#239;an, Nina G.,</subfield>
<subfield code="d">1923-</subfield>
<subfield code="e">former owner.</subfield>
<subfield code="5">NyNyUAW</subfield>
</datafield>
<datafield tag="740" ind1="0" ind2=" ">
<subfield code="a">Garso&#239;an Collection.</subfield>
<subfield code="5">NyNyUAW</subfield>
</datafield>
<datafield tag="880" ind1="1" ind2="5">
<subfield code="6">246-01/</subfield>
<subfield code="a">&#1606;&#1711;&#1575;&#1585;&#1606;&#1575;&#1605;&#1607; &#1705;&#1604;&#1609;&#1587;&#1575;&#1609; &#1608;&#1575;&#1606;&#1705; &#1580;&#1604;&#1601;&#1575;&#1609; &#1575;&#1589;&#1601;&#1607;&#1575;&#1606; &#1608; &#1605;&#1608;&#1586;&#1607; &#1570;&#1606;</subfield>
</datafield>
<datafield tag="OWN" ind1=" " ind2=" ">
<subfield code="a">GENERAL</subfield>
</datafield>
<datafield tag="AVA" ind1=" " ind2=" ">
<subfield code="a">NYU50</subfield>
<subfield code="b">NISAW</subfield>
<subfield code="c">Large Collection</subfield>
<subfield code="d">BX124.5.J8 P38 1975 Non-circulating</subfield>
<subfield code="e">unavailable</subfield>
<subfield code="t">Unavailable</subfield>
<subfield code="f">1</subfield>
<subfield code="g">1</subfield>
<subfield code="h">N</subfield>
<subfield code="i">0</subfield>
<subfield code="j">LARGE</subfield>
<subfield code="k">0</subfield>
</datafield>
</record>