<record xmlns="http://www.loc.gov/MARC21/slim" xmlns:xsi="http://www.w3.org/2001/XMLSchema-instance" xsi:schemaLocation="http://www.loc.gov/MARC21/slim http://www.loc.gov/standards/marcxml/schema/MARC21slim.xsd">
<leader>00000cam a22     Ii 4500</leader>
<controlfield tag="FMT">BK</controlfield>
<controlfield tag="LDR">00000cam a22     Ii 4500</controlfield>
<controlfield tag="001">006250018</controlfield>
<controlfield tag="005">20180720152601.0</controlfield>
<controlfield tag="008">180131s2018    fr abe   b    000 0 fre d</controlfield>
<datafield tag="020" ind1=" " ind2=" ">
<subfield code="a">235518075X</subfield>
</datafield>
<datafield tag="020" ind1=" " ind2=" ">
<subfield code="a">9782355180750</subfield>
</datafield>
<datafield tag="035" ind1=" " ind2=" ">
<subfield code="a">(OCoLC)1020713778</subfield>
</datafield>
<datafield tag="040" ind1=" " ind2=" ">
<subfield code="a">YDX</subfield>
<subfield code="b">eng</subfield>
<subfield code="e">rda</subfield>
<subfield code="c">YDX</subfield>
<subfield code="d">ERASP</subfield>
<subfield code="d">ZYU</subfield>
</datafield>
<datafield tag="041" ind1="0" ind2=" ">
<subfield code="a">fre</subfield>
<subfield code="b">eng</subfield>
<subfield code="b">fre</subfield>
</datafield>
<datafield tag="050" ind1=" " ind2="4">
<subfield code="a">CC75</subfield>
<subfield code="b">.F48 2018</subfield>
</datafield>
<datafield tag="082" ind1="0" ind2="4">
<subfield code="a">930.1</subfield>
</datafield>
<datafield tag="100" ind1="1" ind2=" ">
<subfield code="a">Feug&#232;re, Michel,</subfield>
<subfield code="e">author.</subfield>
</datafield>
<datafield tag="245" ind1="1" ind2="0">
<subfield code="a">Protocoles d'&#233;tudes des objets arch&#233;ologiques /</subfield>
<subfield code="c">Michel Feug&#232;re.</subfield>
</datafield>
<datafield tag="264" ind1=" " ind2="1">
<subfield code="a">Dr&#233;mil-Lafage :</subfield>
<subfield code="b">Editions Mergoil,</subfield>
<subfield code="c">[2018]</subfield>
</datafield>
<datafield tag="300" ind1=" " ind2=" ">
<subfield code="a">85 pages :</subfield>
<subfield code="b">illustrations (some color), maps, plans ;</subfield>
<subfield code="c">21 cm</subfield>
</datafield>
<datafield tag="336" ind1=" " ind2=" ">
<subfield code="a">text</subfield>
<subfield code="b">txt</subfield>
<subfield code="2">rdacontent</subfield>
</datafield>
<datafield tag="337" ind1=" " ind2=" ">
<subfield code="a">unmediated</subfield>
<subfield code="b">n</subfield>
<subfield code="2">rdamedia</subfield>
</datafield>
<datafield tag="338" ind1=" " ind2=" ">
<subfield code="a">volume</subfield>
<subfield code="b">nc</subfield>
<subfield code="2">rdacarrier</subfield>
</datafield>
<datafield tag="546" ind1=" " ind2=" ">
<subfield code="a">French with abstracts in French and English on back cover.</subfield>
</datafield>
<datafield tag="504" ind1=" " ind2=" ">
<subfield code="a">Includes bibliographical references.</subfield>
</datafield>
<datafield tag="520" ind1="8" ind2=" ">
<subfield code="a">"Confront&#233; a&#768; une de&#769;couverte d'objet arche&#769;ologique, le fouilleur ne sait pas toujours comment l'interpre&#769;ter. Avec quels outils le de&#769;terminer ou le classer ? Peut-on caracte&#769;riser un site a&#768; partir de l'analyse de ses objets ? Qu'apportent les analyses quantitatives et qualitatives ? Ce petit manuel re&#769;pond a&#768; ces interrogations et a&#768; bien d'autres questions que peut se poser un arche&#769;ologue face a&#768; un objet.0Ecrit d'abord pour les e&#769;tudiants, mais plus largement pour toute personne envisageant une analyse d'objet arche&#769;ologique, il se pre&#769;sente comme une introduction a&#768; l'e&#769;tude du mobilier. Sont aborde&#769;s successivement les aspects me&#769;thodologiques, les interrogations the&#769;oriques, les classements typologiques, les proble&#768;mes de quantification et d'e&#769;chantillonnage, et enfin les me&#769;thodes d'e&#769;tude et d'illustration, sans oublier l'interpre&#769;tation ge&#769;ne&#769;rale des re&#769;sultats et l'apport du spe&#769;cialiste dans le cadre d'une publication."--Cover, page 4</subfield>
</datafield>
<datafield tag="650" ind1=" " ind2="0">
<subfield code="a">Archaeology</subfield>
<subfield code="x">Methodology.</subfield>
</datafield>
<datafield tag="650" ind1=" " ind2="0">
<subfield code="a">Archaeology</subfield>
<subfield code="x">Fieldwork</subfield>
<subfield code="v">Handbooks, manuals, etc.</subfield>
</datafield>
<datafield tag="OWN" ind1=" " ind2=" ">
<subfield code="a">GENERAL</subfield>
</datafield>
<datafield tag="AVA" ind1=" " ind2=" ">
<subfield code="a">NYU50</subfield>
<subfield code="b">NISAW</subfield>
<subfield code="c">Small Collection</subfield>
<subfield code="d">CC75 .F48 2018</subfield>
<subfield code="e">available</subfield>
<subfield code="t">Available</subfield>
<subfield code="f">1</subfield>
<subfield code="g">0</subfield>
<subfield code="h">N</subfield>
<subfield code="i">0</subfield>
<subfield code="j">SMALL</subfield>
<subfield code="k">0</subfield>
</datafield>
</record>