<record xmlns="http://www.loc.gov/MARC21/slim" xmlns:xsi="http://www.w3.org/2001/XMLSchema-instance" xsi:schemaLocation="http://www.loc.gov/MARC21/slim http://www.loc.gov/standards/marcxml/schema/MARC21slim.xsd">
<leader>00000cam a22      i 4500</leader>
<controlfield tag="FMT">BK</controlfield>
<controlfield tag="LDR">00000cam a22      i 4500</controlfield>
<controlfield tag="001">006256268</controlfield>
<controlfield tag="005">20180730133019.0</controlfield>
<controlfield tag="008">180730s2018    enka     b    001 0 eng</controlfield>
<datafield tag="010" ind1=" " ind2=" ">
<subfield code="a">  2017007089</subfield>
</datafield>
<datafield tag="020" ind1=" " ind2=" ">
<subfield code="a">9781107194588</subfield>
<subfield code="q">hardcover ;</subfield>
<subfield code="q">alkaline paper</subfield>
</datafield>
<datafield tag="020" ind1=" " ind2=" ">
<subfield code="a">110719458X</subfield>
<subfield code="q">hardcover ;</subfield>
<subfield code="q">alkaline paper</subfield>
</datafield>
<datafield tag="035" ind1=" " ind2=" ">
<subfield code="a">(OCoLC)986957817</subfield>
</datafield>
<datafield tag="040" ind1=" " ind2=" ">
<subfield code="a">DLC</subfield>
<subfield code="b">eng</subfield>
<subfield code="e">rda</subfield>
<subfield code="c">DLC</subfield>
<subfield code="d">YDX</subfield>
<subfield code="d">ERASA</subfield>
<subfield code="d">OCLCO</subfield>
<subfield code="d">BTCTA</subfield>
<subfield code="d">OCLCF</subfield>
<subfield code="d">OCLCQ</subfield>
<subfield code="d">HUC</subfield>
<subfield code="d">CHVBK</subfield>
<subfield code="d">OCLCO</subfield>
<subfield code="d">YDX</subfield>
<subfield code="d">OCLCO</subfield>
</datafield>
<datafield tag="042" ind1=" " ind2=" ">
<subfield code="a">pcc</subfield>
</datafield>
<datafield tag="050" ind1="0" ind2="0">
<subfield code="a">CD5204</subfield>
<subfield code="b">.S43 2018</subfield>
</datafield>
<datafield tag="082" ind1="0" ind2="0">
<subfield code="a">737/.6</subfield>
<subfield code="2">23</subfield>
</datafield>
<datafield tag="245" ind1="0" ind2="0">
<subfield code="a">Seals and sealing in the ancient world :</subfield>
<subfield code="b">case studies from the Near East, Egypt, the Aegean, and South Asia /</subfield>
<subfield code="c">edited by Marta Ameri, Sarah Kielt Costello, Gregg Jamison, Sarah Jarmer Scott.</subfield>
</datafield>
<datafield tag="264" ind1=" " ind2="1">
<subfield code="a">Cambridge ;</subfield>
<subfield code="a">New York, NY :</subfield>
<subfield code="b">Cambridge University Press,</subfield>
<subfield code="c">2018.</subfield>
</datafield>
<datafield tag="300" ind1=" " ind2=" ">
<subfield code="a">468</subfield>
<subfield code="b">illustrations ;</subfield>
<subfield code="c">27 cm</subfield>
</datafield>
<datafield tag="336" ind1=" " ind2=" ">
<subfield code="a">text</subfield>
<subfield code="b">txt</subfield>
<subfield code="2">rdacontent</subfield>
</datafield>
<datafield tag="337" ind1=" " ind2=" ">
<subfield code="a">unmediated</subfield>
<subfield code="b">n</subfield>
<subfield code="2">rdamedia</subfield>
</datafield>
<datafield tag="338" ind1=" " ind2=" ">
<subfield code="a">volume</subfield>
<subfield code="b">nc</subfield>
<subfield code="2">rdacarrier</subfield>
</datafield>
<datafield tag="504" ind1=" " ind2=" ">
<subfield code="a">Includes bibliographical references and index.</subfield>
</datafield>
<datafield tag="505" ind1="0" ind2=" ">
<subfield code="a">Introduction: small windows, wide views / editors: Ameri, Costello, Jamison, Scott -- Part I. The Ancient Near East &amp; Cyprus -- Administrative role of seal imagery in the early Bronze Age: Mesopotamian and Iranian traders on the plateau / Holly Pittman -- Slave labor: Uruk cylinder seal imagery and early writing / Sarah Jarmer Scott -- The first female bureaucrats: gender and glyptic in 4th-3rd millennia Northern Mesopotamia / Andrew McCarthy -- Rematerializing the early dynastic banquet seal / Sarah Kielt Costello -- Sealing practices in the Akkadian Period / Yelena Z. Rakic -- Authenticity, seal recarving, and authority in the Ancient Near East and Eastern Mediterranean / Joanna Smith -- Part II. South Asia and Persian Gulf -- Indus seals and glyptic studies: an overview / Asko Parpola -- Letting the pictures speak: an image-based approach to the mythological and narrative imagery of the Harappan world / Marta Ameri -- Understanding Indus seal carving traditions: a stylistic and metric approach / Gregg M. Jamison -- Operational sequences and stamp seals: a new approach to identifying groups of seal carvers in the Indus civilization / Adam Green -- Seals and sealing technology in the Dilmun Culture: the post Harappan life of the Indus Valley sealing tradition / Steffen Laursen -- Part III. Egypt -- The evolution of ancient Egyptian seals and sealing systems / Joe Wegner -- Early dynastic sealing practices as reflection of state formation in Egypt? / Ilona Regulski -- Sealings and seals from pyramid age Egypt / John Nolan -- The administrative use of scarabs during the Middle Kingdom / Daphna Ben Tor -- Middle and New Kingdom sealing practice in Egypt and Nubia: a comparison / Stuart Tyson Smith -- Part IV. Aegean -- Introductory remarks, Aegean / Judith Weingarten -- Aegean Bronze Age sealstones and fingerrings: chronology and functions / John Younger --</subfield>
</datafield>
<datafield tag="505" ind1="0" ind2=" ">
<subfield code="a">An Aegean seal in Greek hands? Thoughts on the perception of Aegean seals in the Iron Age / Maria Anastasiadou -- Cryptic glyptic: multivalency in Minoan glyptic imagery / Erin Mcgowan -- The magic and the mundane: the function of talismanic class stones in Minoan Crete / Angela Murock Hussein.</subfield>
</datafield>
<datafield tag="520" ind1="8" ind2=" ">
<subfield code="a">Studies of seals and sealing practices have traditionally investigated aspects of social, political, economic, and ideological systems in ancient societies throughout the Old World. Previously, scholarship has focused on description and documentation, chronology and dynastic histories, administrative function, iconography, and style. More recent studies have emphasized context, production and use, and increasingly, identity, gender, and the social lives of seals, their users, and the artisans who produced them. Using several methodological and theoretical perspectives, this volume presents up-to-date research on seals that is comparative in scope and focus. The cross-cultural and interdisciplinary approach advances our understanding of the significance of an important class of material culture of the ancient world. The volume will serve as an essential resource for scholars, students, and others interested in glyptic studies, seal production and use, and sealing practices in the Ancient Near East, Egypt, Ancient South Asia and the Aegean during the 4th-2nd Millennia BCE.</subfield>
</datafield>
<datafield tag="650" ind1=" " ind2="0">
<subfield code="a">Cylinder seals.</subfield>
</datafield>
<datafield tag="650" ind1=" " ind2="0">
<subfield code="a">Seals (Numismatics)</subfield>
</datafield>
<datafield tag="650" ind1=" " ind2="0">
<subfield code="a">Public administration</subfield>
<subfield code="x">History.</subfield>
</datafield>
<datafield tag="650" ind1=" " ind2="7">
<subfield code="a">Cylinder seals.</subfield>
<subfield code="2">fast</subfield>
<subfield code="0">(OCoLC)fst00886039</subfield>
</datafield>
<datafield tag="650" ind1=" " ind2="7">
<subfield code="a">Public administration.</subfield>
<subfield code="2">fast</subfield>
<subfield code="0">(OCoLC)fst01081976</subfield>
</datafield>
<datafield tag="650" ind1=" " ind2="7">
<subfield code="a">Seals (Numismatics)</subfield>
<subfield code="2">fast</subfield>
<subfield code="0">(OCoLC)fst01110321</subfield>
</datafield>
<datafield tag="655" ind1=" " ind2="7">
<subfield code="a">History.</subfield>
<subfield code="2">fast</subfield>
<subfield code="0">(OCoLC)fst01411628</subfield>
</datafield>
<datafield tag="700" ind1="1" ind2=" ">
<subfield code="a">Ameri, Marta,</subfield>
<subfield code="d">1973-</subfield>
<subfield code="e">editor.</subfield>
</datafield>
<datafield tag="700" ind1="1" ind2=" ">
<subfield code="a">Costello, Sarah Kielt,</subfield>
<subfield code="d">1971-</subfield>
<subfield code="e">editor.</subfield>
</datafield>
<datafield tag="700" ind1="1" ind2=" ">
<subfield code="a">Jamison, Gregg</subfield>
<subfield code="q">(Gregg M.),</subfield>
<subfield code="e">editor.</subfield>
</datafield>
<datafield tag="700" ind1="1" ind2=" ">
<subfield code="a">Scott, Sarah,</subfield>
<subfield code="d">1973-</subfield>
<subfield code="e">editor.</subfield>
</datafield>
<datafield tag="OWN" ind1=" " ind2=" ">
<subfield code="a">GENERAL</subfield>
</datafield>
<datafield tag="AVA" ind1=" " ind2=" ">
<subfield code="a">NYU50</subfield>
<subfield code="b">NISAW</subfield>
<subfield code="c">Small Collection</subfield>
<subfield code="d">CD5204 .S43 2018 Non-circulating</subfield>
<subfield code="e">unavailable</subfield>
<subfield code="t">Unavailable</subfield>
<subfield code="f">1</subfield>
<subfield code="g">1</subfield>
<subfield code="h">N</subfield>
<subfield code="i">0</subfield>
<subfield code="j">SMALL</subfield>
<subfield code="k">0</subfield>
</datafield>
</record>