<record xmlns="http://www.loc.gov/MARC21/slim" xmlns:xsi="http://www.w3.org/2001/XMLSchema-instance" xsi:schemaLocation="http://www.loc.gov/MARC21/slim http://www.loc.gov/standards/marcxml/schema/MARC21slim.xsd">
<leader>00000cam a22     Ia 4500</leader>
<controlfield tag="FMT">BK</controlfield>
<controlfield tag="LDR">00000cam a22     Ia 4500</controlfield>
<controlfield tag="001">006254240</controlfield>
<controlfield tag="005">20180723172218.0</controlfield>
<controlfield tag="008">180723m19831991nyua     bc   000 0 eng d</controlfield>
<datafield tag="020" ind1=" " ind2=" ">
<subfield code="a">0897221931</subfield>
<subfield code="q">(v. 1)</subfield>
</datafield>
<datafield tag="020" ind1=" " ind2=" ">
<subfield code="a">9780897221931</subfield>
<subfield code="q">(v. 1)</subfield>
</datafield>
<datafield tag="020" ind1=" " ind2=" ">
<subfield code="a">0897222415</subfield>
<subfield code="q">(v. 2)</subfield>
</datafield>
<datafield tag="020" ind1=" " ind2=" ">
<subfield code="a">9780897222419</subfield>
<subfield code="q">(v. 2)</subfield>
</datafield>
<datafield tag="035" ind1=" " ind2=" ">
<subfield code="a">(OCoLC)9940404</subfield>
<subfield code="z">(OCoLC)875039981</subfield>
<subfield code="z">(OCoLC)1000862856</subfield>
</datafield>
<datafield tag="040" ind1=" " ind2=" ">
<subfield code="a">WAU</subfield>
<subfield code="b">eng</subfield>
<subfield code="c">WAU</subfield>
<subfield code="d">NGU</subfield>
<subfield code="d">OCL</subfield>
<subfield code="d">BAKER</subfield>
<subfield code="d">OCLCG</subfield>
<subfield code="d">YDXCP</subfield>
<subfield code="d">OCLCG</subfield>
<subfield code="d">TEU</subfield>
<subfield code="d">GEBAY</subfield>
<subfield code="d">BDX</subfield>
<subfield code="d">OCLCA</subfield>
<subfield code="d">OCLCQ</subfield>
<subfield code="d">OCLCO</subfield>
<subfield code="d">OCLCA</subfield>
<subfield code="d">OCLCQ</subfield>
<subfield code="d">OCLCO</subfield>
<subfield code="d">OCLCF</subfield>
<subfield code="d">EUX</subfield>
<subfield code="d">OCLCQ</subfield>
<subfield code="d">NYP</subfield>
<subfield code="d">OCLCO</subfield>
<subfield code="d">OCLCQ</subfield>
<subfield code="d">OCL</subfield>
<subfield code="d">OCLCO</subfield>
<subfield code="d">OCLCA</subfield>
<subfield code="d">ZYU</subfield>
</datafield>
<datafield tag="043" ind1=" " ind2=" ">
<subfield code="a">a-tu---</subfield>
</datafield>
<datafield tag="050" ind1=" " ind2="4">
<subfield code="a">CJ575</subfield>
<subfield code="b">.T46 1983</subfield>
</datafield>
<datafield tag="082" ind1="0" ind2="4">
<subfield code="a">737.08</subfield>
<subfield code="b">N971, no.16</subfield>
</datafield>
<datafield tag="100" ind1="1" ind2=" ">
<subfield code="a">Thompson, Margaret,</subfield>
<subfield code="d">1911-1992.</subfield>
</datafield>
<datafield tag="245" ind1="1" ind2="0">
<subfield code="a">Alexander's drachm mints /</subfield>
<subfield code="c">by Margaret Thompson.</subfield>
</datafield>
<datafield tag="260" ind1=" " ind2=" ">
<subfield code="a">New York :</subfield>
<subfield code="b">American Numismatic Society,</subfield>
<subfield code="c">1983-1991.</subfield>
</datafield>
<datafield tag="300" ind1=" " ind2=" ">
<subfield code="a">2 volumes :</subfield>
<subfield code="b">illustrations ;</subfield>
<subfield code="c">28-31 cm.</subfield>
</datafield>
<datafield tag="336" ind1=" " ind2=" ">
<subfield code="a">text</subfield>
<subfield code="b">txt</subfield>
<subfield code="2">rdacontent</subfield>
</datafield>
<datafield tag="337" ind1=" " ind2=" ">
<subfield code="a">unmediated</subfield>
<subfield code="b">n</subfield>
<subfield code="2">rdamedia</subfield>
</datafield>
<datafield tag="338" ind1=" " ind2=" ">
<subfield code="a">volume</subfield>
<subfield code="b">nc</subfield>
<subfield code="2">rdacarrier</subfield>
</datafield>
<datafield tag="490" ind1="1" ind2=" ">
<subfield code="a">Numismatic studies,</subfield>
<subfield code="x">0517-404X ;</subfield>
<subfield code="v">no. 16, 19</subfield>
</datafield>
<datafield tag="504" ind1=" " ind2=" ">
<subfield code="a">Includes bibliographical references.</subfield>
</datafield>
<datafield tag="505" ind1="0" ind2=" ">
<subfield code="a">1. Sardes and Miletus -- 2. Lampsacus and Abydus.</subfield>
</datafield>
<datafield tag="530" ind1=" " ind2=" ">
<subfield code="a">Also issued online.</subfield>
</datafield>
<datafield tag="500" ind1=" " ind2=" ">
<subfield code="a">ISAW copy is from the library of F. Gordon Frost.</subfield>
<subfield code="5">NyNyUAW</subfield>
</datafield>
<datafield tag="650" ind1=" " ind2="0">
<subfield code="a">Coins, Greek</subfield>
<subfield code="z">Turkey</subfield>
<subfield code="v">Catalogs.</subfield>
</datafield>
<datafield tag="650" ind1=" " ind2="0">
<subfield code="a">Drachma</subfield>
<subfield code="v">Catalogs.</subfield>
</datafield>
<datafield tag="650" ind1=" " ind2="0">
<subfield code="a">Mints</subfield>
<subfield code="z">Turkey</subfield>
<subfield code="x">History.</subfield>
</datafield>
<datafield tag="650" ind1=" " ind2="0">
<subfield code="a">Mints</subfield>
<subfield code="z">Turkey</subfield>
<subfield code="v">Catalogs.</subfield>
</datafield>
<datafield tag="600" ind1="0" ind2="0">
<subfield code="a">Alexander,</subfield>
<subfield code="c">the Great,</subfield>
<subfield code="d">356 B.C.-323 B.C.</subfield>
</datafield>
<datafield tag="600" ind1="0" ind2="7">
<subfield code="a">Alexander,</subfield>
<subfield code="c">the Great,</subfield>
<subfield code="d">356 B.C.-323 B.C.</subfield>
<subfield code="2">fast</subfield>
<subfield code="0">(OCoLC)fst01800513</subfield>
</datafield>
<datafield tag="650" ind1=" " ind2="7">
<subfield code="a">Coins, Greek.</subfield>
<subfield code="2">fast</subfield>
<subfield code="0">(OCoLC)fst00866765</subfield>
</datafield>
<datafield tag="650" ind1=" " ind2="7">
<subfield code="a">Drachma.</subfield>
<subfield code="2">fast</subfield>
<subfield code="0">(OCoLC)fst00897296</subfield>
</datafield>
<datafield tag="650" ind1=" " ind2="7">
<subfield code="a">Mints.</subfield>
<subfield code="2">fast</subfield>
<subfield code="0">(OCoLC)fst01023501</subfield>
</datafield>
<datafield tag="651" ind1=" " ind2="7">
<subfield code="a">Turkey.</subfield>
<subfield code="2">fast</subfield>
<subfield code="0">(OCoLC)fst01208963</subfield>
</datafield>
<datafield tag="600" ind1="1" ind2="7">
<subfield code="a">Alexander (Makedonien, Ko&#776;nig, III.)</subfield>
<subfield code="2">swd</subfield>
</datafield>
<datafield tag="650" ind1="0" ind2="7">
<subfield code="a">Mu&#776;nze.</subfield>
<subfield code="2">swd</subfield>
</datafield>
<datafield tag="651" ind1=" " ind2="7">
<subfield code="a">Anatolien.</subfield>
<subfield code="2">swd</subfield>
</datafield>
<datafield tag="648" ind1=" " ind2="7">
<subfield code="a">Geschichte 330 v. Chr.-300 v. Chr.</subfield>
<subfield code="2">swd</subfield>
</datafield>
<datafield tag="655" ind1=" " ind2="7">
<subfield code="a">Catalogs</subfield>
<subfield code="2">fast</subfield>
<subfield code="0">(OCoLC)fst01423692</subfield>
</datafield>
<datafield tag="655" ind1=" " ind2="7">
<subfield code="a">History.</subfield>
<subfield code="2">fast</subfield>
<subfield code="0">(OCoLC)fst01411628</subfield>
</datafield>
<datafield tag="700" ind1="1" ind2=" ">
<subfield code="a">Frost, Gordon,</subfield>
<subfield code="d">1935-2011,</subfield>
<subfield code="e">former owner.</subfield>
<subfield code="5">NyNyUAW</subfield>
</datafield>
<datafield tag="740" ind1="0" ind2=" ">
<subfield code="a">Sardes and Miletus</subfield>
</datafield>
<datafield tag="740" ind1="0" ind2=" ">
<subfield code="a">Lampsacus and Abydus.</subfield>
</datafield>
<datafield tag="740" ind1="0" ind2=" ">
<subfield code="a">Frost Numismatic Library.</subfield>
<subfield code="5">NyNyUAW</subfield>
</datafield>
<datafield tag="776" ind1="0" ind2="8">
<subfield code="i">Online version:</subfield>
<subfield code="a">Thompson, Margaret, 1911-</subfield>
<subfield code="t">Alexander's drachm mints.</subfield>
<subfield code="d">New York : American Numismatic Society, 1983-</subfield>
<subfield code="w">(OCoLC)644978394</subfield>
</datafield>
<datafield tag="830" ind1=" " ind2="0">
<subfield code="a">Numismatic studies ;</subfield>
<subfield code="v">no. 16.</subfield>
<subfield code="x">0517-404X</subfield>
</datafield>
<datafield tag="830" ind1=" " ind2="0">
<subfield code="a">Numismatic studies ;</subfield>
<subfield code="v">no. 19.</subfield>
<subfield code="x">0517-404X</subfield>
</datafield>
<datafield tag="OWN" ind1=" " ind2=" ">
<subfield code="a">GENERAL</subfield>
</datafield>
<datafield tag="AVA" ind1=" " ind2=" ">
<subfield code="a">NYU50</subfield>
<subfield code="b">NISAW</subfield>
<subfield code="c">Large Collection</subfield>
<subfield code="d">CJ575 .T46 1983</subfield>
<subfield code="e">unavailable</subfield>
<subfield code="t">Unavailable</subfield>
<subfield code="f">2</subfield>
<subfield code="g">2</subfield>
<subfield code="h">Y</subfield>
<subfield code="i">0</subfield>
<subfield code="j">LARGE</subfield>
<subfield code="k">0</subfield>
</datafield>
</record>