<record xmlns="http://www.loc.gov/MARC21/slim" xmlns:xsi="http://www.w3.org/2001/XMLSchema-instance" xsi:schemaLocation="http://www.loc.gov/MARC21/slim http://www.loc.gov/standards/marcxml/schema/MARC21slim.xsd">
<leader>00000cam a2200517 i 4500</leader>
<controlfield tag="FMT">BK</controlfield>
<controlfield tag="LDR">00000cam a2200517 i 4500</controlfield>
<controlfield tag="001">006249792</controlfield>
<controlfield tag="003">OCoLC</controlfield>
<controlfield tag="005">20180720143316.0</controlfield>
<controlfield tag="008">170419s2017    fr abde  b    001 0 fre d</controlfield>
<datafield tag="020" ind1=" " ind2=" ">
<subfield code="a">9782355180651</subfield>
<subfield code="q">paperback</subfield>
</datafield>
<datafield tag="020" ind1=" " ind2=" ">
<subfield code="a">2355180652</subfield>
<subfield code="q">paperback</subfield>
</datafield>
<datafield tag="035" ind1=" " ind2=" ">
<subfield code="a">(OCoLC)983209941</subfield>
</datafield>
<datafield tag="040" ind1=" " ind2=" ">
<subfield code="a">AUXAM</subfield>
<subfield code="b">eng</subfield>
<subfield code="e">rda</subfield>
<subfield code="c">AUXAM</subfield>
<subfield code="d">COO</subfield>
<subfield code="d">JPG</subfield>
<subfield code="d">OCLCF</subfield>
<subfield code="d">ZYU</subfield>
</datafield>
<datafield tag="043" ind1=" " ind2=" ">
<subfield code="a">e-fr---</subfield>
<subfield code="a">e-gx---</subfield>
</datafield>
<datafield tag="050" ind1=" " ind2="4">
<subfield code="a">CN575</subfield>
<subfield code="b">.A53 2017</subfield>
</datafield>
<datafield tag="100" ind1="1" ind2=" ">
<subfield code="a">Andrieu, Morgane,</subfield>
<subfield code="e">author.</subfield>
</datafield>
<datafield tag="245" ind1="1" ind2="0">
<subfield code="a">Graffites en Gaule lyonnaise :</subfield>
<subfield code="b">contribution &#224; l'&#233;tude des inscriptions sur vaisselle c&#233;ramique : corpus d'Autun, Chartres et Sens /</subfield>
<subfield code="c">Morgane Andrieu.</subfield>
</datafield>
<datafield tag="264" ind1=" " ind2="1">
<subfield code="a">Autun :</subfield>
<subfield code="b">Editions Mergoil,</subfield>
<subfield code="c">2017.</subfield>
</datafield>
<datafield tag="300" ind1=" " ind2=" ">
<subfield code="a">454 pages :</subfield>
<subfield code="b">illustrations (chiefly color), charts, maps, plans ;</subfield>
<subfield code="c">30 cm.</subfield>
</datafield>
<datafield tag="336" ind1=" " ind2=" ">
<subfield code="a">text</subfield>
<subfield code="b">txt</subfield>
<subfield code="2">rdacontent</subfield>
</datafield>
<datafield tag="337" ind1=" " ind2=" ">
<subfield code="a">unmediated</subfield>
<subfield code="b">n</subfield>
<subfield code="2">rdamedia</subfield>
</datafield>
<datafield tag="338" ind1=" " ind2=" ">
<subfield code="a">volume</subfield>
<subfield code="b">nc</subfield>
<subfield code="2">rdacarrier</subfield>
</datafield>
<datafield tag="490" ind1="1" ind2=" ">
<subfield code="a">Monographies Instrumentum,</subfield>
<subfield code="x">1278-3846 ;</subfield>
<subfield code="v">54</subfield>
</datafield>
<datafield tag="500" ind1=" " ind2=" ">
<subfield code="a">Revision of author's thesis (doctoral)-- Universiti&#233; Paris-Sorbonne and Universiti&#233; de Lausanne, 2015.</subfield>
</datafield>
<datafield tag="520" ind1=" " ind2=" ">
<subfield code="a">This study is an analysis of the incised inscriptions (graffiti) on pottery tableware which was an everyday object accessible to the entire Gallo-Roman population and made of a non-perishable material. Thus, graffiti on pottery is an rare example that can help to understand the daily epigraphic habits of the Gallo-Roman population.</subfield>
</datafield>
<datafield tag="504" ind1=" " ind2=" ">
<subfield code="a">Includes bibliographical references and indexes.</subfield>
</datafield>
<datafield tag="650" ind1=" " ind2="0">
<subfield code="a">Inscriptions, Latin</subfield>
<subfield code="z">France.</subfield>
</datafield>
<datafield tag="650" ind1=" " ind2="0">
<subfield code="a">Pottery, Gallo-Roman</subfield>
<subfield code="z">France</subfield>
<subfield code="z">Autun.</subfield>
</datafield>
<datafield tag="650" ind1=" " ind2="0">
<subfield code="a">Pottery, Gallo-Roman</subfield>
<subfield code="z">France</subfield>
<subfield code="z">Chartres.</subfield>
</datafield>
<datafield tag="650" ind1=" " ind2="0">
<subfield code="a">Pottery, Gallo-Roman</subfield>
<subfield code="z">France</subfield>
<subfield code="z">Sens-sur-Yonne.</subfield>
</datafield>
<datafield tag="650" ind1=" " ind2="0">
<subfield code="a">Social archaeology</subfield>
<subfield code="z">Gaul.</subfield>
</datafield>
<datafield tag="651" ind1=" " ind2="7">
<subfield code="a">Augustodunum.</subfield>
<subfield code="2">pleiades</subfield>
<subfield code="0">https://pleiades.stoa.org/places/177460</subfield>
</datafield>
<datafield tag="651" ind1=" " ind2="7">
<subfield code="a">Autricum.</subfield>
<subfield code="2">pleiades</subfield>
<subfield code="0">https://pleiades.stoa.org/places/108778</subfield>
</datafield>
<datafield tag="651" ind1=" " ind2="7">
<subfield code="a">Agedincum.</subfield>
<subfield code="2">pleiades</subfield>
<subfield code="0">https://pleiades.stoa.org/places/108729</subfield>
</datafield>
<datafield tag="650" ind1=" " ind2="7">
<subfield code="a">Inscriptions, Latin.</subfield>
<subfield code="2">fast</subfield>
<subfield code="0">(OCoLC)fst00973901</subfield>
</datafield>
<datafield tag="650" ind1=" " ind2="7">
<subfield code="a">Pottery, Gallo-Roman.</subfield>
<subfield code="2">fast</subfield>
<subfield code="0">(OCoLC)fst01073741</subfield>
</datafield>
<datafield tag="650" ind1=" " ind2="7">
<subfield code="a">Social archaeology.</subfield>
<subfield code="2">fast</subfield>
<subfield code="0">(OCoLC)fst01122274</subfield>
</datafield>
<datafield tag="651" ind1=" " ind2="7">
<subfield code="a">Europe</subfield>
<subfield code="z">Gaul.</subfield>
<subfield code="2">fast</subfield>
<subfield code="0">(OCoLC)fst01240016</subfield>
</datafield>
<datafield tag="651" ind1=" " ind2="7">
<subfield code="a">France.</subfield>
<subfield code="2">fast</subfield>
<subfield code="0">(OCoLC)fst01204289</subfield>
</datafield>
<datafield tag="651" ind1=" " ind2="7">
<subfield code="a">France</subfield>
<subfield code="z">Autun.</subfield>
<subfield code="2">fast</subfield>
<subfield code="0">(OCoLC)fst01218887</subfield>
</datafield>
<datafield tag="651" ind1=" " ind2="7">
<subfield code="a">France</subfield>
<subfield code="z">Chartres.</subfield>
<subfield code="2">fast</subfield>
<subfield code="0">(OCoLC)fst01202798</subfield>
</datafield>
<datafield tag="651" ind1=" " ind2="7">
<subfield code="a">France</subfield>
<subfield code="z">Sens-sur-Yonne.</subfield>
<subfield code="2">fast</subfield>
<subfield code="0">(OCoLC)fst01212570</subfield>
</datafield>
<datafield tag="830" ind1=" " ind2="0">
<subfield code="a">Monographies instrumentum ;</subfield>
<subfield code="v">54.</subfield>
</datafield>
<datafield tag="OWN" ind1=" " ind2=" ">
<subfield code="a">GENERAL</subfield>
</datafield>
<datafield tag="AVA" ind1=" " ind2=" ">
<subfield code="a">NYU50</subfield>
<subfield code="b">NISAW</subfield>
<subfield code="c">Large Collection</subfield>
<subfield code="d">CN575 .A53 2017</subfield>
<subfield code="e">unavailable</subfield>
<subfield code="t">Unavailable</subfield>
<subfield code="f">1</subfield>
<subfield code="g">1</subfield>
<subfield code="h">N</subfield>
<subfield code="i">0</subfield>
<subfield code="j">LARGE</subfield>
<subfield code="k">0</subfield>
</datafield>
</record>