<record xmlns="http://www.loc.gov/MARC21/slim" xmlns:xsi="http://www.w3.org/2001/XMLSchema-instance" xsi:schemaLocation="http://www.loc.gov/MARC21/slim http://www.loc.gov/standards/marcxml/schema/MARC21slim.xsd">
<leader>00000cam a22     Ii 4500</leader>
<controlfield tag="FMT">BK</controlfield>
<controlfield tag="LDR">00000cam a22     Ii 4500</controlfield>
<controlfield tag="001">006249875</controlfield>
<controlfield tag="005">20180720142520.0</controlfield>
<controlfield tag="008">180716s2016    fr abd   b    010 0dfre d</controlfield>
<datafield tag="020" ind1=" " ind2=" ">
<subfield code="a">9782355180606</subfield>
<subfield code="q">(pbk.)</subfield>
</datafield>
<datafield tag="020" ind1=" " ind2=" ">
<subfield code="a">2355180601</subfield>
<subfield code="q">(pbk.)</subfield>
</datafield>
<datafield tag="035" ind1=" " ind2=" ">
<subfield code="a">(OCoLC)965750336</subfield>
<subfield code="z">(OCoLC)960208876</subfield>
<subfield code="z">(OCoLC)962411527</subfield>
<subfield code="z">(OCoLC)963786580</subfield>
</datafield>
<datafield tag="040" ind1=" " ind2=" ">
<subfield code="a">HLS</subfield>
<subfield code="b">eng</subfield>
<subfield code="e">rda</subfield>
<subfield code="c">HLS</subfield>
<subfield code="d">AUXAM</subfield>
<subfield code="d">UKUOY</subfield>
<subfield code="d">CGU</subfield>
<subfield code="d">OCLCQ</subfield>
<subfield code="d">OCLCF</subfield>
<subfield code="d">ZYU</subfield>
</datafield>
<datafield tag="041" ind1="0" ind2=" ">
<subfield code="a">fre</subfield>
<subfield code="a">eng</subfield>
<subfield code="b">fre</subfield>
<subfield code="b">eng</subfield>
</datafield>
<datafield tag="043" ind1=" " ind2=" ">
<subfield code="a">e-uk---</subfield>
</datafield>
<datafield tag="050" ind1=" " ind2="4">
<subfield code="a">DA155</subfield>
<subfield code="b">.T46 2016</subfield>
</datafield>
<datafield tag="082" ind1="0" ind2="4">
<subfield code="a">931</subfield>
</datafield>
<datafield tag="245" ind1="0" ind2="3">
<subfield code="a">Le t&#233;moignage de la culture mat&#233;rielle :</subfield>
<subfield code="b">m&#233;langes offerts au professeur Vera Evison = The evidence of material culture : studies in honour of Professor Vera Evison /</subfield>
<subfield code="c">sous la direction de Ian Riddler, Jean Soulat et Lynne Keys ; avec des contributions de David Algar [and twenty-four others].</subfield>
</datafield>
<datafield tag="246" ind1="3" ind2="1">
<subfield code="a">Evidence of material culture</subfield>
</datafield>
<datafield tag="264" ind1=" " ind2="1">
<subfield code="a">Autun :</subfield>
<subfield code="b">Editions Mergoil,</subfield>
<subfield code="c">2016.</subfield>
</datafield>
<datafield tag="300" ind1=" " ind2=" ">
<subfield code="a">288</subfield>
<subfield code="b">illustrations (some color), maps, charts ;</subfield>
<subfield code="c">30 cm.</subfield>
</datafield>
<datafield tag="336" ind1=" " ind2=" ">
<subfield code="a">text</subfield>
<subfield code="b">txt</subfield>
<subfield code="2">rdacontent</subfield>
</datafield>
<datafield tag="337" ind1=" " ind2=" ">
<subfield code="a">unmediated</subfield>
<subfield code="b">n</subfield>
<subfield code="2">rdamedia</subfield>
</datafield>
<datafield tag="338" ind1=" " ind2=" ">
<subfield code="a">volume</subfield>
<subfield code="b">nc</subfield>
<subfield code="2">rdacarrier</subfield>
</datafield>
<datafield tag="490" ind1="1" ind2=" ">
<subfield code="a">Europe m&#233;di&#233;vale ;</subfield>
<subfield code="v">10</subfield>
</datafield>
<datafield tag="504" ind1=" " ind2=" ">
<subfield code="a">Includes bibliographical references.</subfield>
</datafield>
<datafield tag="504" ind1=" " ind2=" ">
<subfield code="a">"The published work of Vera I. Evison": pages 283-288.</subfield>
</datafield>
<datafield tag="546" ind1=" " ind2=" ">
<subfield code="a">Contributions in French or English; abstracts in French and English.</subfield>
</datafield>
<datafield tag="650" ind1=" " ind2="0">
<subfield code="a">Material culture</subfield>
<subfield code="z">Great Britain</subfield>
<subfield code="x">History</subfield>
<subfield code="y">To 1500.</subfield>
</datafield>
<datafield tag="650" ind1=" " ind2="0">
<subfield code="a">Anglo-Saxons</subfield>
<subfield code="x">Material culture.</subfield>
</datafield>
<datafield tag="650" ind1=" " ind2="0">
<subfield code="a">Funeral rites and ceremonies</subfield>
<subfield code="z">Great Britain</subfield>
<subfield code="x">History</subfield>
<subfield code="y">To 1500.</subfield>
</datafield>
<datafield tag="650" ind1=" " ind2="0">
<subfield code="a">Anglo-Saxons</subfield>
<subfield code="x">Funeral customs and rites.</subfield>
</datafield>
<datafield tag="650" ind1=" " ind2="0">
<subfield code="a">Archaeology, Medieval</subfield>
<subfield code="z">Great Britain.</subfield>
</datafield>
<datafield tag="651" ind1=" " ind2="0">
<subfield code="a">Great Britain</subfield>
<subfield code="x">History</subfield>
<subfield code="y">Anglo-Saxon period, 449-1066.</subfield>
</datafield>
<datafield tag="651" ind1=" " ind2="0">
<subfield code="a">Great Britain</subfield>
<subfield code="x">Antiquities.</subfield>
</datafield>
<datafield tag="651" ind1=" " ind2="7">
<subfield code="a">Britannia I.</subfield>
<subfield code="2">pleiades</subfield>
<subfield code="0">https://pleiades.stoa.org/places/991321</subfield>
<subfield code="5">NyNyUAW</subfield>
</datafield>
<datafield tag="650" ind1=" " ind2="7">
<subfield code="a">Anglo-Saxons</subfield>
<subfield code="x">Material culture.</subfield>
<subfield code="2">fast</subfield>
<subfield code="0">(OCoLC)fst00808992</subfield>
</datafield>
<datafield tag="650" ind1=" " ind2="7">
<subfield code="a">Antiquities.</subfield>
<subfield code="2">fast</subfield>
<subfield code="0">(OCoLC)fst00810745</subfield>
</datafield>
<datafield tag="650" ind1=" " ind2="7">
<subfield code="a">Archaeology, Medieval.</subfield>
<subfield code="2">fast</subfield>
<subfield code="0">(OCoLC)fst00813014</subfield>
</datafield>
<datafield tag="650" ind1=" " ind2="7">
<subfield code="a">Funeral rites and ceremonies.</subfield>
<subfield code="2">fast</subfield>
<subfield code="0">(OCoLC)fst00936223</subfield>
</datafield>
<datafield tag="650" ind1=" " ind2="7">
<subfield code="a">Material culture.</subfield>
<subfield code="2">fast</subfield>
<subfield code="0">(OCoLC)fst01011739</subfield>
</datafield>
<datafield tag="651" ind1=" " ind2="7">
<subfield code="a">Great Britain.</subfield>
<subfield code="2">fast</subfield>
<subfield code="0">(OCoLC)fst01204623</subfield>
</datafield>
<datafield tag="648" ind1=" " ind2="7">
<subfield code="a">To 1500</subfield>
<subfield code="2">fast</subfield>
</datafield>
<datafield tag="655" ind1=" " ind2="7">
<subfield code="a">History.</subfield>
<subfield code="2">fast</subfield>
<subfield code="0">(OCoLC)fst01411628</subfield>
</datafield>
<datafield tag="700" ind1="1" ind2=" ">
<subfield code="a">Evison, Vera I.,</subfield>
<subfield code="e">honouree.</subfield>
</datafield>
<datafield tag="700" ind1="1" ind2=" ">
<subfield code="a">Riddler, Ian,</subfield>
<subfield code="e">editor.</subfield>
</datafield>
<datafield tag="700" ind1="1" ind2=" ">
<subfield code="a">Soulat, Jean,</subfield>
<subfield code="e">editor.</subfield>
</datafield>
<datafield tag="700" ind1="1" ind2=" ">
<subfield code="a">Keys, Lynne,</subfield>
<subfield code="e">editor.</subfield>
</datafield>
<datafield tag="700" ind1="1" ind2=" ">
<subfield code="a">Algar, David</subfield>
<subfield code="q">(David J.),</subfield>
<subfield code="e">contributor.</subfield>
</datafield>
<datafield tag="830" ind1=" " ind2="0">
<subfield code="a">Europe me&#769;die&#769;vale (Series) ;</subfield>
<subfield code="v">10.</subfield>
</datafield>
<datafield tag="OWN" ind1=" " ind2=" ">
<subfield code="a">GENERAL</subfield>
</datafield>
<datafield tag="AVA" ind1=" " ind2=" ">
<subfield code="a">NYU50</subfield>
<subfield code="b">NISAW</subfield>
<subfield code="c">Large Collection</subfield>
<subfield code="d">DA155 .T46 2016</subfield>
<subfield code="e">unavailable</subfield>
<subfield code="t">Unavailable</subfield>
<subfield code="f">1</subfield>
<subfield code="g">1</subfield>
<subfield code="h">N</subfield>
<subfield code="i">0</subfield>
<subfield code="j">LARGE</subfield>
<subfield code="k">0</subfield>
</datafield>
</record>