<record xmlns="http://www.loc.gov/MARC21/slim" xmlns:xsi="http://www.w3.org/2001/XMLSchema-instance" xsi:schemaLocation="http://www.loc.gov/MARC21/slim http://www.loc.gov/standards/marcxml/schema/MARC21slim.xsd">
<leader>00000cam a22     Ii 4500</leader>
<controlfield tag="FMT">BK</controlfield>
<controlfield tag="LDR">00000cam a22     Ii 4500</controlfield>
<controlfield tag="001">006255188</controlfield>
<controlfield tag="005">20180726121054.0</controlfield>
<controlfield tag="008">180726s2015    fr abe g b    100 0 fre d</controlfield>
<datafield tag="020" ind1=" " ind2=" ">
<subfield code="a">9782356131294</subfield>
<subfield code="q">(hbk.)</subfield>
</datafield>
<datafield tag="020" ind1=" " ind2=" ">
<subfield code="a">2356131299</subfield>
<subfield code="q">(hbk.)</subfield>
</datafield>
<datafield tag="020" ind1=" " ind2=" ">
<subfield code="a">9782356131331</subfield>
<subfield code="q">(pbk. ;</subfield>
<subfield code="q">v. 2)</subfield>
</datafield>
<datafield tag="020" ind1=" " ind2=" ">
<subfield code="a">2356131337</subfield>
<subfield code="q">(pbk. ;</subfield>
<subfield code="q">v. 2)</subfield>
</datafield>
<datafield tag="035" ind1=" " ind2=" ">
<subfield code="a">(OCoLC)911260410</subfield>
</datafield>
<datafield tag="040" ind1=" " ind2=" ">
<subfield code="a">AUXAM</subfield>
<subfield code="b">eng</subfield>
<subfield code="e">rda</subfield>
<subfield code="c">AUXAM</subfield>
<subfield code="d">OCLCQ</subfield>
<subfield code="d">ZCU</subfield>
<subfield code="d">OCLCO</subfield>
<subfield code="d">OCLCQ</subfield>
<subfield code="d">OCLCF</subfield>
<subfield code="d">ZYU</subfield>
</datafield>
<datafield tag="043" ind1=" " ind2=" ">
<subfield code="a">e-fr---</subfield>
</datafield>
<datafield tag="050" ind1=" " ind2="4">
<subfield code="a">DC62</subfield>
<subfield code="b">.A87 2013</subfield>
</datafield>
<datafield tag="110" ind1="2" ind2=" ">
<subfield code="a">Association fran&#231;aise pour l'&#233;tude de l'&#226;ge du fer. Colloque (37th : 2013 : Montpellier, France)</subfield>
<subfield code="e">issuing body.</subfield>
</datafield>
<datafield tag="245" ind1="1" ind2="4">
<subfield code="a">Les Gaulois au fil de l'eau :</subfield>
<subfield code="b">actes du 37e colloque international de l'AFEAF (Montpellier, 8-11 mai 2013) /</subfield>
<subfield code="c">&#233;dit&#233;s par Fabienne Olmer et R&#233;jane Roure.</subfield>
</datafield>
<datafield tag="264" ind1=" " ind2="1">
<subfield code="a">Bordeaux :</subfield>
<subfield code="b">Ausonius,</subfield>
<subfield code="c">[2015]</subfield>
</datafield>
<datafield tag="300" ind1=" " ind2=" ">
<subfield code="a">2 volumes :</subfield>
<subfield code="b">illustrations (some color), maps, plans ;</subfield>
<subfield code="c">29 cm.</subfield>
</datafield>
<datafield tag="336" ind1=" " ind2=" ">
<subfield code="a">text</subfield>
<subfield code="b">txt</subfield>
<subfield code="2">rdacontent</subfield>
</datafield>
<datafield tag="336" ind1=" " ind2=" ">
<subfield code="a">still image</subfield>
<subfield code="b">sti</subfield>
<subfield code="2">rdacontent</subfield>
</datafield>
<datafield tag="337" ind1=" " ind2=" ">
<subfield code="a">unmediated</subfield>
<subfield code="b">n</subfield>
<subfield code="2">rdamedia</subfield>
</datafield>
<datafield tag="338" ind1=" " ind2=" ">
<subfield code="a">volume</subfield>
<subfield code="b">nc</subfield>
<subfield code="2">rdacarrier</subfield>
</datafield>
<datafield tag="490" ind1="1" ind2=" ">
<subfield code="a">M&#233;moires,</subfield>
<subfield code="x">1283-2995 ;</subfield>
<subfield code="v">39</subfield>
</datafield>
<datafield tag="504" ind1=" " ind2=" ">
<subfield code="a">Includes bibliographical references.</subfield>
</datafield>
<datafield tag="505" ind1="0" ind2=" ">
<subfield code="a">V. 1. Communications -- v. 2. Posters.</subfield>
</datafield>
<datafield tag="650" ind1=" " ind2="0">
<subfield code="a">Water resources development</subfield>
<subfield code="z">Gaul</subfield>
<subfield code="v">Congresses.</subfield>
</datafield>
<datafield tag="650" ind1=" " ind2="0">
<subfield code="a">Water-supply</subfield>
<subfield code="z">Gaul</subfield>
<subfield code="v">Congresses.</subfield>
</datafield>
<datafield tag="650" ind1=" " ind2="0">
<subfield code="a">Gauls</subfield>
<subfield code="x">Social life and customs</subfield>
<subfield code="v">Congresses.</subfield>
</datafield>
<datafield tag="650" ind1=" " ind2="0">
<subfield code="a">Gauls</subfield>
<subfield code="x">Rites and ceremonies</subfield>
<subfield code="v">Congresses.</subfield>
</datafield>
<datafield tag="650" ind1=" " ind2="0">
<subfield code="a">Iron age</subfield>
<subfield code="z">Gaul</subfield>
<subfield code="v">Congresses.</subfield>
</datafield>
<datafield tag="650" ind1=" " ind2="0">
<subfield code="a">Coastal archaeology</subfield>
<subfield code="z">France</subfield>
<subfield code="v">Congresses.</subfield>
</datafield>
<datafield tag="650" ind1=" " ind2="0">
<subfield code="a">Underwater archaeology</subfield>
<subfield code="z">France</subfield>
<subfield code="v">Congresses.</subfield>
</datafield>
<datafield tag="651" ind1=" " ind2="0">
<subfield code="a">France</subfield>
<subfield code="x">Antiquities, Celtic</subfield>
<subfield code="v">Congresses.</subfield>
</datafield>
<datafield tag="650" ind1=" " ind2="7">
<subfield code="a">Celtic antiquities.</subfield>
<subfield code="2">fast</subfield>
<subfield code="0">(OCoLC)fst00850379</subfield>
</datafield>
<datafield tag="650" ind1=" " ind2="7">
<subfield code="a">Coastal archaeology.</subfield>
<subfield code="2">fast</subfield>
<subfield code="0">(OCoLC)fst00865719</subfield>
</datafield>
<datafield tag="650" ind1=" " ind2="7">
<subfield code="a">Gauls</subfield>
<subfield code="x">Social life and customs.</subfield>
<subfield code="2">fast</subfield>
<subfield code="0">(OCoLC)fst00939006</subfield>
</datafield>
<datafield tag="650" ind1=" " ind2="7">
<subfield code="a">Iron age.</subfield>
<subfield code="2">fast</subfield>
<subfield code="0">(OCoLC)fst00979145</subfield>
</datafield>
<datafield tag="650" ind1=" " ind2="7">
<subfield code="a">Underwater archaeology.</subfield>
<subfield code="2">fast</subfield>
<subfield code="0">(OCoLC)fst01161071</subfield>
</datafield>
<datafield tag="650" ind1=" " ind2="7">
<subfield code="a">Water resources development.</subfield>
<subfield code="2">fast</subfield>
<subfield code="0">(OCoLC)fst01171955</subfield>
</datafield>
<datafield tag="650" ind1=" " ind2="7">
<subfield code="a">Water-supply.</subfield>
<subfield code="2">fast</subfield>
<subfield code="0">(OCoLC)fst01172350</subfield>
</datafield>
<datafield tag="651" ind1=" " ind2="7">
<subfield code="a">Europe</subfield>
<subfield code="z">Gaul.</subfield>
<subfield code="2">fast</subfield>
<subfield code="0">(OCoLC)fst01240016</subfield>
</datafield>
<datafield tag="651" ind1=" " ind2="7">
<subfield code="a">France.</subfield>
<subfield code="2">fast</subfield>
<subfield code="0">(OCoLC)fst01204289</subfield>
</datafield>
<datafield tag="655" ind1=" " ind2="7">
<subfield code="a">Conference papers and proceedings.</subfield>
<subfield code="2">fast</subfield>
<subfield code="0">(OCoLC)fst01423772</subfield>
</datafield>
<datafield tag="700" ind1="1" ind2=" ">
<subfield code="a">Olmer, Fabienne,</subfield>
<subfield code="e">editor.</subfield>
</datafield>
<datafield tag="700" ind1="1" ind2=" ">
<subfield code="a">Roure, R&#233;jane,</subfield>
<subfield code="e">editor.</subfield>
</datafield>
<datafield tag="830" ind1=" " ind2="0">
<subfield code="a">M&#233;moires (Ausonius (Institute)) ;</subfield>
<subfield code="v">39.</subfield>
<subfield code="x">1283-2995</subfield>
</datafield>
<datafield tag="OWN" ind1=" " ind2=" ">
<subfield code="a">GENERAL</subfield>
</datafield>
<datafield tag="AVA" ind1=" " ind2=" ">
<subfield code="a">NYU50</subfield>
<subfield code="b">NISAW</subfield>
<subfield code="c">Large Collection</subfield>
<subfield code="d">DC62 .A87 2013 Non-circulating</subfield>
<subfield code="e">unavailable</subfield>
<subfield code="t">Unavailable</subfield>
<subfield code="f">1</subfield>
<subfield code="g">1</subfield>
<subfield code="h">Y</subfield>
<subfield code="i">0</subfield>
<subfield code="j">LARGE</subfield>
<subfield code="k">0</subfield>
</datafield>
</record>