<record xmlns="http://www.loc.gov/MARC21/slim" xmlns:xsi="http://www.w3.org/2001/XMLSchema-instance" xsi:schemaLocation="http://www.loc.gov/MARC21/slim http://www.loc.gov/standards/marcxml/schema/MARC21slim.xsd">
<leader>00000cam a22     Ia 4500</leader>
<controlfield tag="FMT">BK</controlfield>
<controlfield tag="LDR">00000cam a22     Ia 4500</controlfield>
<controlfield tag="001">006256282</controlfield>
<controlfield tag="005">20180731141644.0</controlfield>
<controlfield tag="008">180730s2003    fr abe   b    011 0 fre d</controlfield>
<datafield tag="020" ind1=" " ind2=" ">
<subfield code="a">2910023419</subfield>
</datafield>
<datafield tag="020" ind1=" " ind2=" ">
<subfield code="a">9782910023416</subfield>
</datafield>
<datafield tag="035" ind1=" " ind2=" ">
<subfield code="a">(OCoLC)53899259</subfield>
</datafield>
<datafield tag="040" ind1=" " ind2=" ">
<subfield code="a">TZT</subfield>
<subfield code="b">eng</subfield>
<subfield code="c">TZT</subfield>
<subfield code="d">CUY</subfield>
<subfield code="d">YDXCP</subfield>
<subfield code="d">GEBAY</subfield>
<subfield code="d">VA@</subfield>
<subfield code="d">OCLCQ</subfield>
<subfield code="d">OCLCO</subfield>
<subfield code="d">OCLCQ</subfield>
<subfield code="d">OCLCO</subfield>
<subfield code="d">DEBBG</subfield>
<subfield code="d">OCLCO</subfield>
<subfield code="d">OCLCA</subfield>
<subfield code="d">DHA</subfield>
<subfield code="d">OCLCQ</subfield>
<subfield code="d">OCLCF</subfield>
<subfield code="d">ZYU</subfield>
</datafield>
<datafield tag="043" ind1=" " ind2=" ">
<subfield code="a">e-fr---</subfield>
<subfield code="a">ff-----</subfield>
</datafield>
<datafield tag="050" ind1=" " ind2="4">
<subfield code="a">DC63</subfield>
<subfield code="b">.I85 2003</subfield>
</datafield>
<datafield tag="082" ind1="0" ind2="4">
<subfield code="a">930</subfield>
<subfield code="2">1</subfield>
</datafield>
<datafield tag="084" ind1=" " ind2=" ">
<subfield code="a">6,12</subfield>
<subfield code="2">ssgn</subfield>
</datafield>
<datafield tag="084" ind1=" " ind2=" ">
<subfield code="a">NK 8200</subfield>
<subfield code="2">rvk</subfield>
</datafield>
<datafield tag="245" ind1="0" ind2="0">
<subfield code="a">Itin&#233;raire de Saintes &#224; Dougga :</subfield>
<subfield code="b">m&#233;langes offerts &#224; Louis Maurin /</subfield>
<subfield code="c">textes r&#233;unis par Jean-Pierre Bost, Jean-Michel Roddaz, Francis Tassaux.</subfield>
</datafield>
<datafield tag="260" ind1=" " ind2=" ">
<subfield code="a">Bordeaux :</subfield>
<subfield code="b">Ausonius,</subfield>
<subfield code="c">2003.</subfield>
</datafield>
<datafield tag="300" ind1=" " ind2=" ">
<subfield code="a">371 pages :</subfield>
<subfield code="b">illustrations, maps, plans ;</subfield>
<subfield code="c">29 cm.</subfield>
</datafield>
<datafield tag="336" ind1=" " ind2=" ">
<subfield code="a">text</subfield>
<subfield code="b">txt</subfield>
<subfield code="2">rdacontent</subfield>
</datafield>
<datafield tag="337" ind1=" " ind2=" ">
<subfield code="a">unmediated</subfield>
<subfield code="b">n</subfield>
<subfield code="2">rdamedia</subfield>
</datafield>
<datafield tag="338" ind1=" " ind2=" ">
<subfield code="a">volume</subfield>
<subfield code="b">nc</subfield>
<subfield code="2">rdacarrier</subfield>
</datafield>
<datafield tag="490" ind1="1" ind2=" ">
<subfield code="a">M&#233;moires / Ausonius-Publications,</subfield>
<subfield code="x">1283-2995 ;</subfield>
<subfield code="v">9</subfield>
</datafield>
<datafield tag="504" ind1=" " ind2=" ">
<subfield code="a">Includes bibliographical references and indexes.</subfield>
</datafield>
<datafield tag="600" ind1="1" ind2="0">
<subfield code="a">Maurin, Louis.</subfield>
</datafield>
<datafield tag="651" ind1=" " ind2="0">
<subfield code="a">France</subfield>
<subfield code="x">Antiquities, Roman.</subfield>
</datafield>
<datafield tag="651" ind1=" " ind2="0">
<subfield code="a">Thugga (Extinct city)</subfield>
</datafield>
<datafield tag="651" ind1=" " ind2="0">
<subfield code="a">Africa, North</subfield>
<subfield code="x">Antiquities.</subfield>
</datafield>
<datafield tag="651" ind1=" " ind2="7">
<subfield code="a">Thugga/Tokai?</subfield>
<subfield code="2">pleiades</subfield>
<subfield code="0">https://pleiades.stoa.org/places/315223</subfield>
<subfield code="5">NyNyUAW</subfield>
</datafield>
<datafield tag="650" ind1=" " ind2="7">
<subfield code="a">R&#246;merzeit</subfield>
<subfield code="2">gnd</subfield>
<subfield code="0">(DE-588)4076769-3</subfield>
</datafield>
<datafield tag="651" ind1=" " ind2="7">
<subfield code="a">Gallien</subfield>
<subfield code="2">gnd</subfield>
<subfield code="0">(DE-588)4019150-3</subfield>
</datafield>
<datafield tag="651" ind1=" " ind2="7">
<subfield code="a">Nordafrika</subfield>
<subfield code="2">gnd</subfield>
<subfield code="0">(DE-588)4042482-0</subfield>
</datafield>
<datafield tag="650" ind1=" " ind2="7">
<subfield code="a">Antiquities.</subfield>
<subfield code="2">fast</subfield>
<subfield code="0">(OCoLC)fst00810745</subfield>
</datafield>
<datafield tag="650" ind1=" " ind2="7">
<subfield code="a">Classical antiquities.</subfield>
<subfield code="2">fast</subfield>
<subfield code="0">(OCoLC)fst00863445</subfield>
</datafield>
<datafield tag="651" ind1=" " ind2="7">
<subfield code="a">Africa, North.</subfield>
<subfield code="2">fast</subfield>
<subfield code="0">(OCoLC)fst01239515</subfield>
</datafield>
<datafield tag="651" ind1=" " ind2="7">
<subfield code="a">France.</subfield>
<subfield code="2">fast</subfield>
<subfield code="0">(OCoLC)fst01204289</subfield>
</datafield>
<datafield tag="651" ind1=" " ind2="7">
<subfield code="a">Tunisia</subfield>
<subfield code="z">Thugga (Extinct city)</subfield>
<subfield code="2">fast</subfield>
<subfield code="0">(OCoLC)fst01897104</subfield>
</datafield>
<datafield tag="648" ind1=" " ind2="7">
<subfield code="a">Geschichte</subfield>
<subfield code="2">swd</subfield>
</datafield>
<datafield tag="653" ind1=" " ind2=" ">
<subfield code="a">Ancient history</subfield>
<subfield code="a">Italy</subfield>
<subfield code="a">Gaul</subfield>
</datafield>
<datafield tag="655" ind1=" " ind2="4">
<subfield code="a">Aufsatzsammlung.</subfield>
</datafield>
<datafield tag="700" ind1="1" ind2=" ">
<subfield code="a">Maurin, Louis.</subfield>
</datafield>
<datafield tag="700" ind1="1" ind2=" ">
<subfield code="a">Bost, J.-P.</subfield>
</datafield>
<datafield tag="700" ind1="1" ind2=" ">
<subfield code="a">Roddaz, Jean-Michel.</subfield>
</datafield>
<datafield tag="700" ind1="1" ind2=" ">
<subfield code="a">Tassaux, Francis.</subfield>
</datafield>
<datafield tag="830" ind1=" " ind2="0">
<subfield code="a">M&#233;moires (Ausonius (Institute)) ;</subfield>
<subfield code="v">9.</subfield>
<subfield code="x">1283-2995</subfield>
</datafield>
<datafield tag="856" ind1=" " ind2=" ">
<subfield code="u">http://bvbr.bib-bvb.de:8991/F?func=service&amp;doc_library=BVB01&amp;local_base=BVB01&amp;doc_number=010695550&amp;line_number=0001&amp;func_code=DB_RECORDS&amp;service_type=MEDIA</subfield>
<subfield code="z">Inhaltsverzeichnis</subfield>
</datafield>
<datafield tag="OWN" ind1=" " ind2=" ">
<subfield code="a">GENERAL</subfield>
</datafield>
<datafield tag="AVA" ind1=" " ind2=" ">
<subfield code="a">NYU50</subfield>
<subfield code="b">NISAW</subfield>
<subfield code="c">Large Collection</subfield>
<subfield code="d">DC63 .I85 2003 Non-circulating</subfield>
<subfield code="e">unavailable</subfield>
<subfield code="t">Unavailable</subfield>
<subfield code="f">1</subfield>
<subfield code="g">1</subfield>
<subfield code="h">N</subfield>
<subfield code="i">0</subfield>
<subfield code="j">LARGE</subfield>
<subfield code="k">0</subfield>
</datafield>
</record>