<record xmlns="http://www.loc.gov/MARC21/slim" xmlns:xsi="http://www.w3.org/2001/XMLSchema-instance" xsi:schemaLocation="http://www.loc.gov/MARC21/slim http://www.loc.gov/standards/marcxml/schema/MARC21slim.xsd">
<leader>00000cam a22     Ii 4500</leader>
<controlfield tag="FMT">BK</controlfield>
<controlfield tag="LDR">00000cam a22     Ii 4500</controlfield>
<controlfield tag="001">006249882</controlfield>
<controlfield tag="005">20180720142726.0</controlfield>
<controlfield tag="008">171017s2017    fr abe   b    000 0 fre d</controlfield>
<datafield tag="020" ind1=" " ind2=" ">
<subfield code="a">9782355180712</subfield>
<subfield code="q">(pbk.)</subfield>
</datafield>
<datafield tag="020" ind1=" " ind2=" ">
<subfield code="a">2355180717</subfield>
</datafield>
<datafield tag="035" ind1=" " ind2=" ">
<subfield code="a">(OCoLC)1006597247</subfield>
</datafield>
<datafield tag="040" ind1=" " ind2=" ">
<subfield code="a">AUXAM</subfield>
<subfield code="b">eng</subfield>
<subfield code="e">rda</subfield>
<subfield code="c">AUXAM</subfield>
<subfield code="d">HLS</subfield>
<subfield code="d">ZYU</subfield>
</datafield>
<datafield tag="043" ind1=" " ind2=" ">
<subfield code="a">e-fr---</subfield>
</datafield>
<datafield tag="050" ind1=" " ind2="4">
<subfield code="a">DC801.F8</subfield>
<subfield code="b">P373 2017</subfield>
</datafield>
<datafield tag="082" ind1=" " ind2="4">
<subfield code="a">931</subfield>
</datafield>
<datafield tag="100" ind1="1" ind2=" ">
<subfield code="a">Pasqualini, Michel,</subfield>
<subfield code="e">author,</subfield>
<subfield code="e">editor.</subfield>
</datafield>
<datafield tag="245" ind1="1" ind2="3">
<subfield code="a">Un quartier de Forum Iulii des Julio-Claudiens &#224; Diocl&#233;tien (Fr&#233;jus, Var) /</subfield>
<subfield code="c">Michel Pasqualini, Isabelle Rodet-Belarbi, Ve&#769;ronique Blanc-Bijon.</subfield>
</datafield>
<datafield tag="264" ind1=" " ind2="1">
<subfield code="a">Toulouse :</subfield>
<subfield code="b">&#201;ditions Mergoil,</subfield>
<subfield code="c">2017.</subfield>
</datafield>
<datafield tag="300" ind1=" " ind2=" ">
<subfield code="a">271 pages :</subfield>
<subfield code="b">illustrations, maps, plans ;</subfield>
<subfield code="c">30 cm.</subfield>
</datafield>
<datafield tag="336" ind1=" " ind2=" ">
<subfield code="a">text</subfield>
<subfield code="b">txt</subfield>
<subfield code="2">rdacontent</subfield>
</datafield>
<datafield tag="337" ind1=" " ind2=" ">
<subfield code="a">unmediated</subfield>
<subfield code="b">n</subfield>
<subfield code="2">rdamedia</subfield>
</datafield>
<datafield tag="338" ind1=" " ind2=" ">
<subfield code="a">volume</subfield>
<subfield code="b">nc</subfield>
<subfield code="2">rdacarrier</subfield>
</datafield>
<datafield tag="490" ind1="1" ind2=" ">
<subfield code="a">Arch&#233;ologie et histoire romaine,</subfield>
<subfield code="x">1285-6371 ;</subfield>
<subfield code="v">37</subfield>
</datafield>
<datafield tag="504" ind1=" " ind2=" ">
<subfield code="a">Includes bibliographical references.</subfield>
</datafield>
<datafield tag="651" ind1=" " ind2="0">
<subfield code="a">Fr&#233;jus (France)</subfield>
<subfield code="x">Antiquities, Roman.</subfield>
</datafield>
<datafield tag="650" ind1=" " ind2="0">
<subfield code="a">City planning</subfield>
<subfield code="z">Rome</subfield>
<subfield code="x">Provinces.</subfield>
</datafield>
<datafield tag="650" ind1=" " ind2="0">
<subfield code="a">City planning</subfield>
<subfield code="z">France</subfield>
<subfield code="x">History.</subfield>
</datafield>
<datafield tag="650" ind1=" " ind2="0">
<subfield code="a">Excavations (Archaeology)</subfield>
<subfield code="z">France</subfield>
<subfield code="z">Fr&#233;jus.</subfield>
</datafield>
<datafield tag="651" ind1=" " ind2="7">
<subfield code="a">Col. Forum Iulii.</subfield>
<subfield code="2">pleiades</subfield>
<subfield code="0">https://pleiades.stoa.org/places/157836</subfield>
</datafield>
<datafield tag="700" ind1="1" ind2=" ">
<subfield code="a">Rodet-Belarbi, Isabelle,</subfield>
<subfield code="e">author</subfield>
<subfield code="e">editor.</subfield>
</datafield>
<datafield tag="700" ind1="1" ind2=" ">
<subfield code="a">Blanc-Bijon, V.,</subfield>
<subfield code="e">author,</subfield>
<subfield code="e">editor.</subfield>
</datafield>
<datafield tag="830" ind1=" " ind2="0">
<subfield code="a">Arch&#233;ologie et histoire romaine ;</subfield>
<subfield code="v">37.</subfield>
<subfield code="x">1285-6371</subfield>
</datafield>
<datafield tag="OWN" ind1=" " ind2=" ">
<subfield code="a">GENERAL</subfield>
</datafield>
<datafield tag="AVA" ind1=" " ind2=" ">
<subfield code="a">NYU50</subfield>
<subfield code="b">NISAW</subfield>
<subfield code="c">Large Collection</subfield>
<subfield code="d">DC801.F8 P373 2017</subfield>
<subfield code="e">unavailable</subfield>
<subfield code="t">Unavailable</subfield>
<subfield code="f">1</subfield>
<subfield code="g">1</subfield>
<subfield code="h">N</subfield>
<subfield code="i">0</subfield>
<subfield code="j">LARGE</subfield>
<subfield code="k">0</subfield>
</datafield>
</record>