<record xmlns="http://www.loc.gov/MARC21/slim" xmlns:xsi="http://www.w3.org/2001/XMLSchema-instance" xsi:schemaLocation="http://www.loc.gov/MARC21/slim http://www.loc.gov/standards/marcxml/schema/MARC21slim.xsd">
<leader>00000cam a22      a 4500</leader>
<controlfield tag="FMT">BK</controlfield>
<controlfield tag="LDR">00000cam a22      a 4500</controlfield>
<controlfield tag="001">006255191</controlfield>
<controlfield tag="005">20180726122710.0</controlfield>
<controlfield tag="006">m        u</controlfield>
<controlfield tag="007">cr cn |||m|||a</controlfield>
<controlfield tag="008">180726s2010    fr ab    b    000 0 fre</controlfield>
<datafield tag="010" ind1=" " ind2=" ">
<subfield code="a">  2011466667</subfield>
</datafield>
<datafield tag="020" ind1=" " ind2=" ">
<subfield code="a">9782356130327</subfield>
</datafield>
<datafield tag="020" ind1=" " ind2=" ">
<subfield code="a">2356130322</subfield>
</datafield>
<datafield tag="035" ind1=" " ind2=" ">
<subfield code="a">(OCoLC)725889369</subfield>
</datafield>
<datafield tag="040" ind1=" " ind2=" ">
<subfield code="a">DLC</subfield>
<subfield code="b">eng</subfield>
<subfield code="c">DLC</subfield>
<subfield code="d">TZT</subfield>
<subfield code="d">ERASP</subfield>
<subfield code="d">C3L</subfield>
<subfield code="d">OCLCQ</subfield>
<subfield code="d">OCLCF</subfield>
<subfield code="d">OCLCQ</subfield>
<subfield code="d">OCLCO</subfield>
<subfield code="d">NNU</subfield>
</datafield>
<datafield tag="042" ind1=" " ind2=" ">
<subfield code="a">pcc</subfield>
</datafield>
<datafield tag="043" ind1=" " ind2=" ">
<subfield code="a">e-fr---</subfield>
</datafield>
<datafield tag="050" ind1="0" ind2="0">
<subfield code="a">DC801.S23597</subfield>
<subfield code="b">D857 2010</subfield>
</datafield>
<datafield tag="072" ind1=" " ind2="7">
<subfield code="a">DC</subfield>
<subfield code="2">lcco</subfield>
</datafield>
<datafield tag="082" ind1="1" ind2="4">
<subfield code="a">944</subfield>
<subfield code="2">1</subfield>
</datafield>
<datafield tag="100" ind1="1" ind2=" ">
<subfield code="a">Dumasy-Mathieu, Fran&#231;oise.</subfield>
</datafield>
<datafield tag="245" ind1="1" ind2="0">
<subfield code="a">Travail de la terre, travail du fer :</subfield>
<subfield code="b">l'espace rural autour d'Argentomagus, Saint-Marcel, Indre /</subfield>
<subfield code="c">Fran&#231;oise Dumasy, Nadine Dieudonn&#233;-Glad, Laure La&#252;t.</subfield>
</datafield>
<datafield tag="260" ind1=" " ind2=" ">
<subfield code="a">Pessac :</subfield>
<subfield code="b">Ausonius,</subfield>
<subfield code="c">2010.</subfield>
</datafield>
<datafield tag="300" ind1=" " ind2=" ">
<subfield code="a">525 pages :</subfield>
<subfield code="b">illustrations (some color), maps ;</subfield>
<subfield code="c">29 cm +</subfield>
<subfield code="e">1 DVD-ROM (4 3/4 in.).</subfield>
</datafield>
<datafield tag="336" ind1=" " ind2=" ">
<subfield code="a">text</subfield>
<subfield code="b">txt</subfield>
<subfield code="2">rdacontent</subfield>
</datafield>
<datafield tag="337" ind1=" " ind2=" ">
<subfield code="a">unmediated</subfield>
<subfield code="b">n</subfield>
<subfield code="2">rdamedia</subfield>
</datafield>
<datafield tag="338" ind1=" " ind2=" ">
<subfield code="a">volume</subfield>
<subfield code="b">nc</subfield>
<subfield code="2">rdacarrier</subfield>
</datafield>
<datafield tag="490" ind1="1" ind2=" ">
<subfield code="a">M&#233;moires,</subfield>
<subfield code="x">1283-2995 ;</subfield>
<subfield code="v">23</subfield>
</datafield>
<datafield tag="504" ind1=" " ind2=" ">
<subfield code="a">Includes bibliographical references (pages 509-525).</subfield>
</datafield>
<datafield tag="651" ind1=" " ind2="0">
<subfield code="a">Argentomagus Site (Saint-Marcel, Indre, France)</subfield>
</datafield>
<datafield tag="651" ind1=" " ind2="0">
<subfield code="a">Saint-Marcel (Indre, France)</subfield>
<subfield code="x">Antiquities.</subfield>
</datafield>
<datafield tag="650" ind1=" " ind2="0">
<subfield code="a">Gauls</subfield>
<subfield code="z">France</subfield>
<subfield code="z">Saint-Marcel (Indre)</subfield>
</datafield>
<datafield tag="650" ind1=" " ind2="0">
<subfield code="a">Romans</subfield>
<subfield code="z">France</subfield>
<subfield code="z">Saint-Marcel (Indre)</subfield>
</datafield>
<datafield tag="650" ind1=" " ind2="0">
<subfield code="a">Excavations (Archaeology)</subfield>
<subfield code="z">France</subfield>
<subfield code="z">Saint-Marcel (Indre)</subfield>
</datafield>
<datafield tag="650" ind1=" " ind2="0">
<subfield code="a">Agriculture</subfield>
<subfield code="z">France</subfield>
<subfield code="z">Saint-Marcel (Indre)</subfield>
</datafield>
<datafield tag="650" ind1=" " ind2="0">
<subfield code="a">Metallurgy</subfield>
<subfield code="z">France</subfield>
<subfield code="z">Saint-Marcel (Indre)</subfield>
</datafield>
<datafield tag="651" ind1=" " ind2="0">
<subfield code="a">Saint-Marcel (Indre, France)</subfield>
<subfield code="x">Rural conditions.</subfield>
</datafield>
<datafield tag="650" ind1=" " ind2="7">
<subfield code="a">Agriculture.</subfield>
<subfield code="2">fast</subfield>
<subfield code="0">(OCoLC)fst00801355</subfield>
</datafield>
<datafield tag="650" ind1=" " ind2="7">
<subfield code="a">Antiquities.</subfield>
<subfield code="2">fast</subfield>
<subfield code="0">(OCoLC)fst00810745</subfield>
</datafield>
<datafield tag="650" ind1=" " ind2="7">
<subfield code="a">Excavations (Archaeology)</subfield>
<subfield code="2">fast</subfield>
<subfield code="0">(OCoLC)fst00917564</subfield>
</datafield>
<datafield tag="650" ind1=" " ind2="7">
<subfield code="a">Gauls.</subfield>
<subfield code="2">fast</subfield>
<subfield code="0">(OCoLC)fst00939002</subfield>
</datafield>
<datafield tag="650" ind1=" " ind2="7">
<subfield code="a">Metallurgy.</subfield>
<subfield code="2">fast</subfield>
<subfield code="0">(OCoLC)fst01018005</subfield>
</datafield>
<datafield tag="650" ind1=" " ind2="7">
<subfield code="a">Romans.</subfield>
<subfield code="2">fast</subfield>
<subfield code="0">(OCoLC)fst01100116</subfield>
</datafield>
<datafield tag="650" ind1=" " ind2="7">
<subfield code="a">Rural conditions.</subfield>
<subfield code="2">fast</subfield>
<subfield code="0">(OCoLC)fst01101474</subfield>
</datafield>
<datafield tag="651" ind1=" " ind2="7">
<subfield code="a">France</subfield>
<subfield code="z">Saint-Marcel (Indre)</subfield>
<subfield code="2">fast</subfield>
<subfield code="0">(OCoLC)fst01321008</subfield>
</datafield>
<datafield tag="651" ind1=" " ind2="7">
<subfield code="a">France</subfield>
<subfield code="z">Saint-Marcel (Indre)</subfield>
<subfield code="z">Argentomagus Site.</subfield>
<subfield code="2">fast</subfield>
<subfield code="0">(OCoLC)fst01323609</subfield>
</datafield>
<datafield tag="653" ind1=" " ind2=" ">
<subfield code="a">Iron</subfield>
<subfield code="a">Archaeology</subfield>
<subfield code="a">Indre</subfield>
<subfield code="a">Berry</subfield>
</datafield>
<datafield tag="700" ind1="1" ind2=" ">
<subfield code="a">Dieudonn&#233;-Glad, Nadine.</subfield>
</datafield>
<datafield tag="700" ind1="1" ind2=" ">
<subfield code="a">La&#252;t, Laure.</subfield>
</datafield>
<datafield tag="830" ind1=" " ind2="0">
<subfield code="a">M&#233;moires ;</subfield>
<subfield code="v">23.</subfield>
<subfield code="x">1283-2995</subfield>
</datafield>
<datafield tag="OWN" ind1=" " ind2=" ">
<subfield code="a">GENERAL</subfield>
</datafield>
<datafield tag="AVA" ind1=" " ind2=" ">
<subfield code="a">NYU50</subfield>
<subfield code="b">NISAW</subfield>
<subfield code="c">Large Collection</subfield>
<subfield code="d">DC801.S23597 D857 2010 Non-circulating</subfield>
<subfield code="e">unavailable</subfield>
<subfield code="t">Unavailable</subfield>
<subfield code="f">1</subfield>
<subfield code="g">1</subfield>
<subfield code="h">N</subfield>
<subfield code="i">0</subfield>
<subfield code="j">LARGE</subfield>
<subfield code="k">0</subfield>
</datafield>
</record>