<record xmlns="http://www.loc.gov/MARC21/slim" xmlns:xsi="http://www.w3.org/2001/XMLSchema-instance" xsi:schemaLocation="http://www.loc.gov/MARC21/slim http://www.loc.gov/standards/marcxml/schema/MARC21slim.xsd">
<leader>00000cam a22      i 4500</leader>
<controlfield tag="FMT">BK</controlfield>
<controlfield tag="LDR">00000cam a22      i 4500</controlfield>
<controlfield tag="001">006256300</controlfield>
<controlfield tag="005">20180730161043.0</controlfield>
<controlfield tag="008">180730s2016    be abe   b    100 0 eng c</controlfield>
<datafield tag="010" ind1=" " ind2=" ">
<subfield code="a">  2016485082</subfield>
</datafield>
<datafield tag="020" ind1=" " ind2=" ">
<subfield code="a">9789074461825</subfield>
<subfield code="q">(pbk.)</subfield>
</datafield>
<datafield tag="020" ind1=" " ind2=" ">
<subfield code="a">9074461824</subfield>
<subfield code="q">(pbk.)</subfield>
</datafield>
<datafield tag="024" ind1="3" ind2=" ">
<subfield code="a">9789074461825</subfield>
</datafield>
<datafield tag="035" ind1=" " ind2=" ">
<subfield code="a">(OCoLC)948967735</subfield>
<subfield code="z">(OCoLC)945950408</subfield>
</datafield>
<datafield tag="040" ind1=" " ind2=" ">
<subfield code="a">OHX</subfield>
<subfield code="b">eng</subfield>
<subfield code="e">rda</subfield>
<subfield code="c">OHX</subfield>
<subfield code="d">EYM</subfield>
<subfield code="d">OCLCO</subfield>
<subfield code="d">BTCTA</subfield>
<subfield code="d">YDXCP</subfield>
<subfield code="d">DEBBG</subfield>
<subfield code="d">CGU</subfield>
<subfield code="d">OCLCF</subfield>
<subfield code="d">ZCU</subfield>
<subfield code="d">PAU</subfield>
<subfield code="d">OCLCO</subfield>
<subfield code="d">OCLCQ</subfield>
<subfield code="d">OCLCO</subfield>
<subfield code="d">DEBSZ</subfield>
<subfield code="d">DLC</subfield>
<subfield code="d">IDU</subfield>
<subfield code="d">DHA</subfield>
<subfield code="d">OCLCQ</subfield>
<subfield code="d">OCLCA</subfield>
<subfield code="d">VLW</subfield>
<subfield code="d">NNU</subfield>
</datafield>
<datafield tag="041" ind1="0" ind2=" ">
<subfield code="a">eng</subfield>
<subfield code="a">fre</subfield>
<subfield code="a">ita</subfield>
</datafield>
<datafield tag="042" ind1=" " ind2=" ">
<subfield code="a">pcc</subfield>
</datafield>
<datafield tag="043" ind1=" " ind2=" ">
<subfield code="a">e-gr---</subfield>
<subfield code="a">e-it---</subfield>
</datafield>
<datafield tag="050" ind1=" " ind2="4">
<subfield code="a">DF85</subfield>
<subfield code="b">.C653 2016</subfield>
</datafield>
<datafield tag="072" ind1=" " ind2="7">
<subfield code="a">DF</subfield>
<subfield code="2">lcco</subfield>
</datafield>
<datafield tag="072" ind1=" " ind2="7">
<subfield code="a">DG</subfield>
<subfield code="2">lcco</subfield>
</datafield>
<datafield tag="082" ind1="0" ind2="4">
<subfield code="a">307.09</subfield>
<subfield code="2">22/ger</subfield>
</datafield>
<datafield tag="084" ind1=" " ind2=" ">
<subfield code="a">6,12</subfield>
<subfield code="2">ssgn</subfield>
</datafield>
<datafield tag="084" ind1=" " ind2=" ">
<subfield code="a">LE 1851</subfield>
<subfield code="2">rvk</subfield>
</datafield>
<datafield tag="084" ind1=" " ind2=" ">
<subfield code="a">LF 1335</subfield>
<subfield code="2">rvk</subfield>
</datafield>
<datafield tag="245" ind1="0" ind2="0">
<subfield code="a">Conceptualising early colonisation /</subfield>
<subfield code="c">Lieve Donnellan, ed. ; Valentino Nizzo, Gert-Jan Burgers.</subfield>
</datafield>
<datafield tag="246" ind1="1" ind2="4">
<subfield code="a">Concextualising early colonisation,</subfield>
<subfield code="n">ii</subfield>
</datafield>
<datafield tag="246" ind1="3" ind2=" ">
<subfield code="a">Conceptualizing early colonization</subfield>
</datafield>
<datafield tag="264" ind1=" " ind2="1">
<subfield code="a">Bruxelles :</subfield>
<subfield code="b">Belgisch Historisch Instituut te Rome,</subfield>
<subfield code="c">2016.</subfield>
</datafield>
<datafield tag="300" ind1=" " ind2=" ">
<subfield code="a">246 pages :</subfield>
<subfield code="b">illustrations (chiefly color), maps, plans ;</subfield>
<subfield code="c">27 cm.</subfield>
</datafield>
<datafield tag="336" ind1=" " ind2=" ">
<subfield code="a">text</subfield>
<subfield code="b">txt</subfield>
<subfield code="2">rdacontent</subfield>
</datafield>
<datafield tag="337" ind1=" " ind2=" ">
<subfield code="a">unmediated</subfield>
<subfield code="b">n</subfield>
<subfield code="2">rdamedia</subfield>
</datafield>
<datafield tag="338" ind1=" " ind2=" ">
<subfield code="a">volume</subfield>
<subfield code="b">nc</subfield>
<subfield code="2">rdacarrier</subfield>
</datafield>
<datafield tag="490" ind1="1" ind2=" ">
<subfield code="a">Artes / Institut Historique Belge de Rome ;</subfield>
<subfield code="v">VI</subfield>
</datafield>
<datafield tag="500" ind1=" " ind2=" ">
<subfield code="a">International conference proceedings, Rome, June 2012.</subfield>
</datafield>
<datafield tag="500" ind1=" " ind2=" ">
<subfield code="a">"Dedicated to the memory of David Ridgway"--Page 6.</subfield>
</datafield>
<datafield tag="546" ind1=" " ind2=" ">
<subfield code="a">10 English, 1 French, 5 Italian contributions.</subfield>
</datafield>
<datafield tag="504" ind1=" " ind2=" ">
<subfield code="a">Includes bibliographical references.</subfield>
</datafield>
<datafield tag="505" ind1="0" ind2="0">
<subfield code="t">Greek 'colonisation' : what was, and what is, at stake? /</subfield>
<subfield code="r">R. Osborne --</subfield>
<subfield code="t">Greek colonisation : the right to return /</subfield>
<subfield code="r">I. Malkin --</subfield>
<subfield code="t">Quanto c'&#232; di "greco" nella "colonizzazione greca"? /</subfield>
<subfield code="r">J. Hall --</subfield>
<subfield code="t">Postcolonialism from America to Magna Graecia /</subfield>
<subfield code="r">A. Esposito, A. Polloni --</subfield>
<subfield code="t">Greek-indigenous intermarriage : a gendered perspective /</subfield>
<subfield code="r">G. Saltini Semerari --</subfield>
<subfield code="t">Connectivit&#233; et croissance : deux cl&#233;s pour le VIIIe s.? /</subfield>
<subfield code="r">R. Etienne --</subfield>
<subfield code="t">E pluribus unum : the multiplicity of models /</subfield>
<subfield code="r">F. De Angelis --</subfield>
<subfield code="t">Tempus fugit. Datare e interpretare la "prima colonizzazione" : una reflessione "retrospettiva" e "prospettiva" su cronologie, culture e contesti /</subfield>
<subfield code="r">V. Nizzo --</subfield>
<subfield code="t">Culture meticce, identit&#224; etnica, dinamiche di conservatorismo e resistenza : questioni teoriche e casi di studio dalla Campania /</subfield>
<subfield code="r">M. Cuozzo, C. Pellegrino --</subfield>
<subfield code="t">Indigenous networks, hierarchies of connectivity and early colonisation in Iron Age Campania /</subfield>
<subfield code="r">O. Morris --</subfield>
<subfield code="t">A networked view on 'Euboean' colonisation /</subfield>
<subfield code="r">L. Donnellan --</subfield>
<subfield code="t">Archaeological data on the foundation of Megara Hyblaea. Certainties and hypotheses /</subfield>
<subfield code="r">H. Treziny --</subfield>
<subfield code="t">'Sistemi' coloniali e definizioni identitarie : le 'colonie sorelle' della Sicilia orientale e della Calabria meridionale /</subfield>
<subfield code="r">F. Frisone --</subfield>
<subfield code="t">Su alcune analogie (strutturali?) nell'organizzazione dell spazio : il caso delle citt&#224; achee /</subfield>
<subfield code="r">E. Greco --</subfield>
<subfield code="t">Greek groups in southeast Italy during the Iron Age /</subfield>
<subfield code="r">D. Yntema --</subfield>
<subfield code="t">The migrant's identity. "Greeks' and 'Natives' at L'Amastuola, Southern italy /</subfield>
<subfield code="r">G.-J. Burgers, J.P. Crielaard.</subfield>
</datafield>
<datafield tag="520" ind1=" " ind2=" ">
<subfield code="a">Conceptualising early Colonisation focuses on various ways scholars represent ancient Greek colonisation in Italy. The conventional term colonisation has come under scrutiny for its misleading implication of imperialism, unbalanced interactions between colonisers and colonised and institutionalised racism, that characterised modern colonial movements. The complexity of the phenomenon in Antiquity does not allow for a straightforward equation with modern colonisation, but alternative concepts for this ancient colonisation appear to be equally elusive. Conceptualising early colonisation needs to take the entanglement with other processes into account, as there are state formation, urbanisation, technological innovations, increasing connectivity and identity formation, among others. This volume constitutes a second group of texts that have originally been presented at the Contextualising early colonisation conference, held in Rome in June 2012. Papers address general questions on how early colonisation should be conceptualised, and several present in-depth case studies that explore how various approaches and terminologies operate in practice. Concepts that are explored range from migration, network theory and identity formation over postcolonialism, gender theory to connectivity. -- Amazon.com.</subfield>
</datafield>
<datafield tag="651" ind1=" " ind2="0">
<subfield code="a">Greece</subfield>
<subfield code="x">Colonies</subfield>
<subfield code="z">Italy</subfield>
<subfield code="v">Congresses.</subfield>
</datafield>
<datafield tag="651" ind1=" " ind2="0">
<subfield code="a">Italy</subfield>
<subfield code="x">History</subfield>
<subfield code="y">To 476</subfield>
<subfield code="v">Congresses.</subfield>
</datafield>
<datafield tag="650" ind1=" " ind2="7">
<subfield code="a">Greek colonies.</subfield>
<subfield code="2">fast</subfield>
<subfield code="0">(OCoLC)fst01930854</subfield>
</datafield>
<datafield tag="651" ind1=" " ind2="7">
<subfield code="a">Italy.</subfield>
<subfield code="2">fast</subfield>
<subfield code="0">(OCoLC)fst01204565</subfield>
</datafield>
<datafield tag="650" ind1=" " ind2="7">
<subfield code="a">Kolonisierung</subfield>
<subfield code="2">gnd</subfield>
<subfield code="0">(DE-588)4436545-7</subfield>
</datafield>
<datafield tag="650" ind1=" " ind2="7">
<subfield code="a">Antike</subfield>
<subfield code="2">gnd</subfield>
<subfield code="0">(DE-588)4068754-5</subfield>
</datafield>
<datafield tag="651" ind1=" " ind2="7">
<subfield code="a">Magna Graecia</subfield>
<subfield code="2">gnd</subfield>
<subfield code="0">(DE-588)4074449-8</subfield>
</datafield>
<datafield tag="648" ind1=" " ind2="7">
<subfield code="a">To 476</subfield>
<subfield code="2">fast</subfield>
</datafield>
<datafield tag="655" ind1=" " ind2="7">
<subfield code="a">Conference papers and proceedings.</subfield>
<subfield code="2">fast</subfield>
<subfield code="0">(OCoLC)fst01423772</subfield>
</datafield>
<datafield tag="655" ind1=" " ind2="7">
<subfield code="a">History.</subfield>
<subfield code="2">fast</subfield>
<subfield code="0">(OCoLC)fst01411628</subfield>
</datafield>
<datafield tag="655" ind1=" " ind2="7">
<subfield code="a">Konferenzschrift</subfield>
<subfield code="y">21.06.-23.06.2012</subfield>
<subfield code="z">Rom.</subfield>
<subfield code="2">gnd</subfield>
</datafield>
<datafield tag="655" ind1=" " ind2="7">
<subfield code="a">Konferenzschrift</subfield>
<subfield code="y">21.06.-23.06.2012</subfield>
<subfield code="z">Rom.</subfield>
<subfield code="2">gnd-content</subfield>
</datafield>
<datafield tag="700" ind1="1" ind2=" ">
<subfield code="a">Donnellan, Lieve,</subfield>
<subfield code="e">editor.</subfield>
</datafield>
<datafield tag="700" ind1="1" ind2=" ">
<subfield code="a">Nizzo, Valentino.</subfield>
</datafield>
<datafield tag="700" ind1="1" ind2=" ">
<subfield code="a">Burgers, G.-J. L. M.</subfield>
</datafield>
<datafield tag="700" ind1="1" ind2="2">
<subfield code="i">Container of (work):</subfield>
<subfield code="a">Osborne, Robin,</subfield>
<subfield code="d">1957-</subfield>
<subfield code="t">Greek 'colonisation' : what was, and what is, at stake?</subfield>
</datafield>
<datafield tag="711" ind1="2" ind2=" ">
<subfield code="a">International Conference Contextualizing early Colonization, Archaeology, Sources, Chronology, and Interpretative Models between Italy and the Mediterranean</subfield>
<subfield code="d">(2012 :</subfield>
<subfield code="c">Rome, Italy)</subfield>
</datafield>
<datafield tag="830" ind1=" " ind2="0">
<subfield code="a">Artes (Institut historique belge de Rome) ;</subfield>
<subfield code="v">6.</subfield>
</datafield>
<datafield tag="856" ind1="4" ind2="1">
<subfield code="3">Table of contents</subfield>
<subfield code="u">http://bvbr.bib-bvb.de:8991/F?func=service&amp;doc_library=BVB01&amp;local_base=BVB01&amp;doc_number=028975756&amp;line_number=0001&amp;func_code=DB_RECORDS&amp;service_type=MEDIA</subfield>
</datafield>
<datafield tag="856" ind1="4" ind2="1">
<subfield code="3">Table of contents</subfield>
<subfield code="u">http://bvbr.bib-bvb.de:8991/F?func=service&amp;doc_library=BVB01&amp;local_base=BVB01&amp;doc_number=028975756&amp;line_number=0002&amp;func_code=DB_RECORDS&amp;service_type=MEDIA</subfield>
</datafield>
<datafield tag="856" ind1="4" ind2="1">
<subfield code="3">Table of contents</subfield>
<subfield code="u">http://bvbr.bib-bvb.de:8991/F?func=service&amp;doc_library=BVB01&amp;local_base=BVB01&amp;doc_number=028975756&amp;sequence=000002&amp;line_number=0001&amp;func_code=DB_RECORDS&amp;service_type=MEDIA</subfield>
</datafield>
<datafield tag="856" ind1="4" ind2="1">
<subfield code="3">Table of contents</subfield>
<subfield code="u">http://bvbr.bib-bvb.de:8991/F?func=service&amp;doc_library=BVB01&amp;local_base=BVB01&amp;doc_number=028975756&amp;sequence=000003&amp;line_number=0002&amp;func_code=DB_RECORDS&amp;service_type=MEDIA</subfield>
</datafield>
<datafield tag="856" ind1="4" ind2=" ">
<subfield code="3">Inhaltsverzeichnis</subfield>
<subfield code="u">http://swbplus.bsz-bw.de/bsz46940521Xinh.htm</subfield>
<subfield code="v">20160614121500</subfield>
</datafield>
<datafield tag="OWN" ind1=" " ind2=" ">
<subfield code="a">GENERAL</subfield>
</datafield>
<datafield tag="AVA" ind1=" " ind2=" ">
<subfield code="a">NYU50</subfield>
<subfield code="b">NISAW</subfield>
<subfield code="c">Large Collection</subfield>
<subfield code="d">DF85 .C653 2016 Non-circulating</subfield>
<subfield code="e">unavailable</subfield>
<subfield code="t">Unavailable</subfield>
<subfield code="f">1</subfield>
<subfield code="g">1</subfield>
<subfield code="h">N</subfield>
<subfield code="i">0</subfield>
<subfield code="j">LARGE</subfield>
<subfield code="k">0</subfield>
</datafield>
</record>