<record xmlns="http://www.loc.gov/MARC21/slim" xmlns:xsi="http://www.w3.org/2001/XMLSchema-instance" xsi:schemaLocation="http://www.loc.gov/MARC21/slim http://www.loc.gov/standards/marcxml/schema/MARC21slim.xsd">
<leader>00000nam a22     Ii 4500</leader>
<controlfield tag="FMT">BK</controlfield>
<controlfield tag="LDR">00000nam a22     Ii 4500</controlfield>
<controlfield tag="001">006225531</controlfield>
<controlfield tag="005">20180712112917.0</controlfield>
<controlfield tag="008">180712s2017    ru a     b    010 0 rus d</controlfield>
<datafield tag="020" ind1=" " ind2=" ">
<subfield code="a">9785913263933</subfield>
</datafield>
<datafield tag="020" ind1=" " ind2=" ">
<subfield code="a">5913263936</subfield>
</datafield>
<datafield tag="035" ind1=" " ind2=" ">
<subfield code="a">(OCoLC)1043922849</subfield>
</datafield>
<datafield tag="040" ind1=" " ind2=" ">
<subfield code="a">ZYU</subfield>
<subfield code="b">eng</subfield>
<subfield code="e">rda</subfield>
<subfield code="c">ZYU</subfield>
</datafield>
<datafield tag="041" ind1=" " ind2=" ">
<subfield code="a">rus</subfield>
<subfield code="a">eng</subfield>
</datafield>
<datafield tag="050" ind1=" " ind2="4">
<subfield code="a">DF261.B7</subfield>
<subfield code="b">A77 2017</subfield>
</datafield>
<datafield tag="245" ind1="0" ind2="0">
<subfield code="6">880-01</subfield>
<subfield code="a">Artefakty i sakral&#697;noe v istorii Bospora :</subfield>
<subfield code="b">kollektivnai&#865;a monografii&#865;a / pod red. A.V. Makhlai&#865;uka.</subfield>
</datafield>
<datafield tag="264" ind1=" " ind2="1">
<subfield code="6">880-02</subfield>
<subfield code="a">Nizhni&#301; Novgorod :</subfield>
<subfield code="b">Izdatel&#697;stvo Nizhegorodskogo universiteta,</subfield>
<subfield code="c">2017.</subfield>
</datafield>
<datafield tag="300" ind1=" " ind2=" ">
<subfield code="a">215 pages :</subfield>
<subfield code="b">Illustrations (some color),</subfield>
<subfield code="e">21 cm</subfield>
</datafield>
<datafield tag="336" ind1=" " ind2=" ">
<subfield code="a">text</subfield>
<subfield code="b">txt</subfield>
<subfield code="2">rdacontent</subfield>
</datafield>
<datafield tag="337" ind1=" " ind2=" ">
<subfield code="a">unmediated</subfield>
<subfield code="b">n</subfield>
<subfield code="2">rdamedia</subfield>
</datafield>
<datafield tag="338" ind1=" " ind2=" ">
<subfield code="a">volume</subfield>
<subfield code="b">nc</subfield>
<subfield code="2">rdacarrier</subfield>
</datafield>
<datafield tag="500" ind1=" " ind2=" ">
<subfield code="a">18 texts in Russian, 1 in English.</subfield>
</datafield>
<datafield tag="500" ind1=" " ind2=" ">
<subfield code="6">880-03</subfield>
<subfield code="a">"Osnovnui&#865;u chast&#697; danno&#301; knigi sostavli&#865;ai&#865;ut issledovanii&#865;a N.V. Molevo&#301;..."--T.p.verso.</subfield>
</datafield>
<datafield tag="500" ind1=" " ind2=" ">
<subfield code="6">880-04</subfield>
<subfield code="a">At head of title: Ministerstvo obrazovanii&#865;a i nauki Rossi&#301;sko&#301; Federat&#865;sii. Nat&#865;sional&#697;ny&#301; issledovatel&#697;ski&#301; Nizhegorodski&#301; gosudarstvenny&#301; universitet im. N.I. Lobachevskogo</subfield>
</datafield>
<datafield tag="504" ind1=" " ind2=" ">
<subfield code="a">Includes bibliographical references.</subfield>
</datafield>
<datafield tag="600" ind1="1" ind2="0">
<subfield code="6">880-05</subfield>
<subfield code="a">Moleva, N,V.,</subfield>
<subfield code="e">honouree.</subfield>
</datafield>
<datafield tag="651" ind1=" " ind2="0">
<subfield code="a">Cimmerian Bosporus (Kingdom)</subfield>
<subfield code="x">Antiquities.</subfield>
</datafield>
<datafield tag="651" ind1=" " ind2="0">
<subfield code="a">Cimmerian Bosporus (Kingdom)</subfield>
<subfield code="x">Civilization.</subfield>
</datafield>
<datafield tag="700" ind1="1" ind2=" ">
<subfield code="6">880-06</subfield>
<subfield code="a">Makhlai&#865;uk, A. V.,</subfield>
<subfield code="e">editor.</subfield>
</datafield>
<datafield tag="700" ind1="1" ind2=" ">
<subfield code="6">880-07</subfield>
<subfield code="a">Moleva, Natalii&#865;a Vladimirovna,</subfield>
<subfield code="e">author.</subfield>
</datafield>
<datafield tag="710" ind1="2" ind2=" ">
<subfield code="6">880-08</subfield>
<subfield code="a">Nizhegorodski&#301; gosudarstvenny&#301; universitet imeni N.I. Lobachevskogo,</subfield>
<subfield code="e">issuing body.</subfield>
</datafield>
<datafield tag="880" ind1="0" ind2="0">
<subfield code="6">245-01/</subfield>
<subfield code="a">&#1040;&#1088;&#1090;&#1077;&#1092;&#1072;&#1082;&#1090;&#1099; &#1080; &#1089;&#1072;&#1082;&#1088;&#1072;&#1083;&#1100;&#1085;&#1086;&#1077; &#1074; &#1080;&#1089;&#1090;&#1086;&#1088;&#1080;&#1080; &#1041;&#1086;&#1089;&#1087;&#1086;&#1088;&#1072; :</subfield>
<subfield code="b">&#1082;&#1086;&#1083;&#1083;&#1077;&#1082;&#1090;&#1080;&#1074;&#1085;&#1072;&#1103; &#1084;&#1086;&#1085;&#1086;&#1075;&#1088;&#1072;&#1092;&#1080;&#1103; /</subfield>
<subfield code="c">&#1087;&#1086;&#1076; &#1088;&#1077;&#1076;. &#1040;.&#1042;. &#1052;&#1072;&#1093;&#1083;&#1072;&#1102;&#1082;&#1072;.</subfield>
</datafield>
<datafield tag="880" ind1=" " ind2="1">
<subfield code="6">264-02/</subfield>
<subfield code="a">&#1053;&#1080;&#1078;&#1085;&#1080;&#1081; &#1053;&#1086;&#1074;&#1075;&#1086;&#1088;&#1086;&#1076; :</subfield>
<subfield code="b">&#1048;&#1079;&#1076;&#1072;&#1090;&#1077;&#1083;&#1100;&#1089;&#1090;&#1074;&#1086; &#1053;&#1080;&#1078;&#1077;&#1075;&#1086;&#1088;&#1086;&#1076;&#1089;&#1082;&#1086;&#1075;&#1086; &#1091;&#1085;&#1080;&#1074;&#1077;&#1088;&#1089;&#1080;&#1090;&#1077;&#1090;&#1072;,</subfield>
<subfield code="c">2017.</subfield>
</datafield>
<datafield tag="880" ind1=" " ind2=" ">
<subfield code="6">500-03/</subfield>
<subfield code="a">"&#1054;&#1089;&#1085;&#1086;&#1074;&#1085;&#1091;&#1102; &#1095;&#1072;&#1089;&#1090;&#1100; &#1076;&#1072;&#1085;&#1085;&#1086;&#1081; &#1082;&#1085;&#1080;&#1075;&#1080; &#1089;&#1086;&#1089;&#1090;&#1072;&#1074;&#1083;&#1103;&#1102;&#1090; &#1080;&#1089;&#1089;&#1083;&#1077;&#1076;&#1086;&#1074;&#1072;&#1085;&#1080;&#1103; &#1053;.&#1042;. &#1052;&#1086;&#1083;&#1077;&#1074;&#1086;&#1081;..."--.T.p.verso</subfield>
</datafield>
<datafield tag="880" ind1=" " ind2=" ">
<subfield code="6">500-04/</subfield>
<subfield code="a">&#1040;t head of tile: &#1052;&#1080;&#1085;&#1080;&#1089;&#1090;&#1077;&#1088;&#1089;&#1090;&#1074;&#1086; &#1086;&#1073;&#1088;&#1072;&#1079;&#1086;&#1074;&#1072;&#1085;&#1080;&#1103; &#1080; &#1085;&#1072;&#1091;&#1082;&#1080; &#1056;&#1086;&#1089;&#1089;&#1080;&#1081;&#1089;&#1082;&#1086;&#1081; &#1060;&#1077;&#1076;&#1077;&#1088;&#1072;&#1094;&#1080;&#1080;. &#1053;&#1072;&#1094;&#1080;&#1086;&#1085;&#1072;&#1083;&#1100;&#1085;&#1099;&#1081; &#1080;&#1089;&#1089;&#1083;&#1077;&#1076;&#1086;&#1074;&#1072;&#1090;&#1077;&#1083;&#1100;&#1089;&#1082;&#1080;&#1081; &#1053;&#1080;&#1078;&#1077;&#1075;&#1086;&#1088;&#1086;&#1076;&#1089;&#1082;&#1080;&#1081; &#1075;&#1086;&#1089;&#1091;&#1076;&#1072;&#1088;&#1089;&#1090;&#1074;&#1077;&#1085;&#1085;&#1099;&#1081; &#1091;&#1085;&#1080;&#1074;&#1077;&#1088;&#1089;&#1080;&#1090;&#1077;&#1090; &#1080;&#1084;. &#1053;.&#1048;. &#1051;&#1086;&#1073;&#1072;&#1095;&#1077;&#1074;&#1089;&#1082;&#1086;&#1075;&#1086;</subfield>
</datafield>
<datafield tag="880" ind1="1" ind2="0">
<subfield code="6">600-05/</subfield>
<subfield code="a">&#1052;&#1086;&#1083;&#1077;&#1074;&#1072;, &#1053;,&#1042;.,</subfield>
<subfield code="e">honouree.</subfield>
</datafield>
<datafield tag="880" ind1="1" ind2=" ">
<subfield code="6">700-06/</subfield>
<subfield code="a">&#1052;&#1072;&#1093;&#1083;&#1072;&#1102;&#1082;, &#1040;. V.,</subfield>
<subfield code="e">editor.</subfield>
</datafield>
<datafield tag="880" ind1="1" ind2=" ">
<subfield code="6">700-07/</subfield>
<subfield code="a">&#1052;&#1086;&#1083;&#1077;&#1074;&#1072;, &#1053;&#1072;&#1090;&#1072;&#1083;&#1080;&#1103; &#1042;&#1083;&#1072;&#1076;&#1080;&#1084;&#1080;&#1088;&#1086;&#1074;&#1085;&#1072;.</subfield>
<subfield code="e">&#1072;uthor.</subfield>
</datafield>
<datafield tag="880" ind1="2" ind2=" ">
<subfield code="6">710-08/</subfield>
<subfield code="a">&#1053;&#1080;&#1078;&#1077;&#1075;&#1086;&#1088;&#1086;&#1076;&#1089;&#1082;&#1080;&#1081; &#1075;&#1086;&#1089;&#1091;&#1076;&#1072;&#1088;&#1089;&#1090;&#1074;&#1077;&#1085;&#1085;&#1099;&#1081; &#1091;&#1085;&#1080;&#1074;&#1077;&#1088;&#1089;&#1080;&#1090;&#1077;&#1090; &#1080;&#1084;&#1077;&#1085;&#1080; &#1053;.&#1048;. &#1051;&#1086;&#1073;&#1072;&#1095;&#1077;&#1074;&#1089;&#1082;&#1086;&#1075;&#1086;,</subfield>
<subfield code="e">issuing body.</subfield>
</datafield>
<datafield tag="OWN" ind1=" " ind2=" ">
<subfield code="a">GENERAL</subfield>
</datafield>
<datafield tag="AVA" ind1=" " ind2=" ">
<subfield code="a">NYU50</subfield>
<subfield code="b">NISAW</subfield>
<subfield code="c">Small Collection</subfield>
<subfield code="d">DF261.B7 A77 2017 Non-circulating</subfield>
<subfield code="e">unavailable</subfield>
<subfield code="t">Unavailable</subfield>
<subfield code="f">1</subfield>
<subfield code="g">1</subfield>
<subfield code="h">N</subfield>
<subfield code="i">0</subfield>
<subfield code="j">SMALL</subfield>
<subfield code="k">0</subfield>
</datafield>
</record>