<record xmlns="http://www.loc.gov/MARC21/slim" xmlns:xsi="http://www.w3.org/2001/XMLSchema-instance" xsi:schemaLocation="http://www.loc.gov/MARC21/slim http://www.loc.gov/standards/marcxml/schema/MARC21slim.xsd">
<leader>00000cam a22     4a 4500</leader>
<controlfield tag="FMT">BK</controlfield>
<controlfield tag="LDR">00000cam a22     4a 4500</controlfield>
<controlfield tag="001">006254449</controlfield>
<controlfield tag="005">20180724090914.0</controlfield>
<controlfield tag="008">180724s2004    ru a     b    000 0 rusoc</controlfield>
<datafield tag="020" ind1=" " ind2=" ">
<subfield code="a">5858032621</subfield>
<subfield code="q">(Peterburgskoe vostokovedenie)</subfield>
</datafield>
<datafield tag="020" ind1=" " ind2=" ">
<subfield code="a">9785858032625</subfield>
<subfield code="q">(Peterburgskoe vostokovedenie)</subfield>
</datafield>
<datafield tag="020" ind1=" " ind2=" ">
<subfield code="a">5981110201</subfield>
<subfield code="q">(Filomatis)</subfield>
</datafield>
<datafield tag="020" ind1=" " ind2=" ">
<subfield code="a">9785981110207</subfield>
<subfield code="q">(Filomatis)</subfield>
</datafield>
<datafield tag="035" ind1=" " ind2=" ">
<subfield code="a">(OCoLC)61118177</subfield>
</datafield>
<datafield tag="040" ind1=" " ind2=" ">
<subfield code="a">ZCU</subfield>
<subfield code="b">eng</subfield>
<subfield code="c">ZCU</subfield>
<subfield code="d">ZCU</subfield>
<subfield code="d">CGU</subfield>
<subfield code="d">OCLCF</subfield>
<subfield code="d">OCLCO</subfield>
<subfield code="d">OCLCQ</subfield>
<subfield code="d">OCLCA</subfield>
<subfield code="d">ZYU</subfield>
</datafield>
<datafield tag="042" ind1=" " ind2=" ">
<subfield code="a">pcc</subfield>
</datafield>
<datafield tag="050" ind1=" " ind2="4">
<subfield code="a">DF261.B7</subfield>
<subfield code="b">V56 2004</subfield>
</datafield>
<datafield tag="100" ind1="1" ind2=" ">
<subfield code="6">880-01</subfield>
<subfield code="a">Vinogradov, I&#65056;U&#65057;. A.</subfield>
<subfield code="q">(I&#65056;U&#65057;rii&#774; Alekseevich),</subfield>
<subfield code="d">1950-</subfield>
<subfield code="e">author.</subfield>
</datafield>
<datafield tag="245" ind1="1" ind2="0">
<subfield code="6">880-02</subfield>
<subfield code="a">"Tam zakololsi&#65056;a&#65057; Mitridat--" :</subfield>
<subfield code="b">voennai&#65056;a&#65057; istorii&#65056;a&#65057; Bospora Kimmerii&#774;skogo v dorimskui&#65056;u&#65057; e&#775;pokhu (VI-I vv. do n.e&#775;.) /</subfield>
<subfield code="c">I&#65056;U&#65057;.A. Vinogradov.</subfield>
</datafield>
<datafield tag="260" ind1=" " ind2=" ">
<subfield code="6">880-03</subfield>
<subfield code="a">Sankt-Peterburg :</subfield>
<subfield code="b">Izd-vo "Peterburgskoe vostokovedenie" ;</subfield>
<subfield code="a">Moskva :</subfield>
<subfield code="b">Izd-vo "Filomatis",</subfield>
<subfield code="c">2004.</subfield>
</datafield>
<datafield tag="300" ind1=" " ind2=" ">
<subfield code="a">193 pages :</subfield>
<subfield code="b">illustrations ;</subfield>
<subfield code="c">18 cm.</subfield>
</datafield>
<datafield tag="336" ind1=" " ind2=" ">
<subfield code="a">text</subfield>
<subfield code="b">txt</subfield>
<subfield code="2">rdacontent</subfield>
</datafield>
<datafield tag="337" ind1=" " ind2=" ">
<subfield code="a">unmediated</subfield>
<subfield code="b">n</subfield>
<subfield code="2">rdamedia</subfield>
</datafield>
<datafield tag="338" ind1=" " ind2=" ">
<subfield code="a">volume</subfield>
<subfield code="b">nc</subfield>
<subfield code="2">rdacarrier</subfield>
</datafield>
<datafield tag="490" ind1="1" ind2=" ">
<subfield code="a">Militaria antiqua ;</subfield>
<subfield code="v">4</subfield>
</datafield>
<datafield tag="500" ind1=" " ind2=" ">
<subfield code="a">ISAW copy is from the library of Aleksandr Leskov.</subfield>
<subfield code="5">NyNyUAW</subfield>
</datafield>
<datafield tag="651" ind1=" " ind2="0">
<subfield code="a">Cimmerian Bosporus (Kingdom)</subfield>
<subfield code="x">History, Military.</subfield>
</datafield>
<datafield tag="776" ind1="0" ind2="8">
<subfield code="i">Online version:</subfield>
<subfield code="a">Vinogradov, I&#65056;U&#65057;. A. (I&#65056;U&#65057;rii&#774; Alekseevich), 1950-</subfield>
<subfield code="t">"Tam zakololsi&#65056;a&#65057; Mitridat--".</subfield>
<subfield code="d">Sankt-Peterburg : Izd-vo "Peterburgskoe vostokovedenie" ; Moskva : Izd-vo "Filomatis", 2004</subfield>
<subfield code="w">(OCoLC)607850561</subfield>
</datafield>
<datafield tag="700" ind1="1" ind2=" ">
<subfield code="a">Leskov, Aleksandr Mikha&#301;lovich,</subfield>
<subfield code="e">former owner.</subfield>
<subfield code="5">NyNyUAW</subfield>
</datafield>
<datafield tag="740" ind1="0" ind2=" ">
<subfield code="a">Leskov Collection.</subfield>
<subfield code="5">NyNyUAW</subfield>
</datafield>
<datafield tag="880" ind1="1" ind2=" ">
<subfield code="6">100-01/</subfield>
<subfield code="a">&#1042;&#1080;&#1085;&#1086;&#1075;&#1088;&#1072;&#1076;&#1086;&#1074;, &#1070;. &#1040;.</subfield>
<subfield code="q">(&#1070;&#1088;&#1080;&#1081; &#1040;&#1083;&#1077;&#1082;&#1089;&#1077;&#1077;&#1074;&#1080;&#1095;),</subfield>
<subfield code="d">1950-,</subfield>
<subfield code="e">author.</subfield>
</datafield>
<datafield tag="880" ind1="1" ind2="0">
<subfield code="6">245-02/</subfield>
<subfield code="a">"&#1058;&#1072;&#1084; &#1079;&#1072;&#1082;&#1086;&#1083;&#1086;&#1083;&#1089;&#1103; &#1052;&#1080;&#1090;&#1088;&#1080;&#1076;&#1072;&#1090;--" :</subfield>
<subfield code="b">&#1074;&#1086;&#1077;&#1085;&#1085;&#1072;&#1103; &#1080;&#1089;&#1090;&#1086;&#1088;&#1080;&#1103; &#1041;&#1086;&#1089;&#1087;&#1086;&#1088;&#1072; &#1050;&#1080;&#1084;&#1084;&#1077;&#1088;&#1080;&#1081;&#1089;&#1082;&#1086;&#1075;&#1086; &#1074; &#1076;&#1086;&#1088;&#1080;&#1084;&#1089;&#1082;&#1091;&#1102; &#1101;&#1087;&#1086;&#1093;&#1091; (&#1042;&#1048;-&#1048; &#1074;&#1074;. &#1076;&#1086; &#1085;.&#1101;.) /</subfield>
<subfield code="c">&#1070;.&#1040;. &#1042;&#1080;&#1085;&#1086;&#1075;&#1088;&#1072;&#1076;&#1086;&#1074;.</subfield>
</datafield>
<datafield tag="880" ind1=" " ind2=" ">
<subfield code="6">260-03/</subfield>
<subfield code="a">&#1057;&#1072;&#1085;&#1082;&#1090;-&#1055;&#1077;&#1090;&#1077;&#1088;&#1073;&#1091;&#1088;&#1075; :</subfield>
<subfield code="b">&#1048;&#1079;&#1076;-&#1074;&#1086; "&#1055;&#1077;&#1090;&#1077;&#1088;&#1073;&#1091;&#1088;&#1075;&#1089;&#1082;&#1086;&#1077; &#1074;&#1086;&#1089;&#1090;&#1086;&#1082;&#1086;&#1074;&#1077;&#1076;&#1077;&#1085;&#1080;&#1077;" ;</subfield>
<subfield code="a">&#1052;&#1086;&#1089;&#1082;&#1074;&#1072; :</subfield>
<subfield code="b">&#1048;&#1079;&#1076;-&#1074;&#1086; "&#1060;&#1080;&#1083;&#1086;&#1084;&#1072;&#1090;&#1080;&#1089;",</subfield>
<subfield code="c">2004.</subfield>
</datafield>
<datafield tag="830" ind1=" " ind2="0">
<subfield code="a">Militaria antiqua ;</subfield>
<subfield code="v">4.</subfield>
</datafield>
<datafield tag="OWN" ind1=" " ind2=" ">
<subfield code="a">GENERAL</subfield>
</datafield>
<datafield tag="AVA" ind1=" " ind2=" ">
<subfield code="a">NYU50</subfield>
<subfield code="b">NISAW</subfield>
<subfield code="c">Small Collection</subfield>
<subfield code="d">DF261.B7 V56 2004 Non-circulating</subfield>
<subfield code="e">unavailable</subfield>
<subfield code="t">Unavailable</subfield>
<subfield code="f">1</subfield>
<subfield code="g">1</subfield>
<subfield code="h">N</subfield>
<subfield code="i">0</subfield>
<subfield code="j">SMALL</subfield>
<subfield code="k">0</subfield>
</datafield>
</record>