<record xmlns="http://www.loc.gov/MARC21/slim" xmlns:xsi="http://www.w3.org/2001/XMLSchema-instance" xsi:schemaLocation="http://www.loc.gov/MARC21/slim http://www.loc.gov/standards/marcxml/schema/MARC21slim.xsd">
<leader>00000cam a2200793   4500</leader>
<controlfield tag="FMT">BK</controlfield>
<controlfield tag="LDR">00000cam a2200793   4500</controlfield>
<controlfield tag="001">002624458</controlfield>
<controlfield tag="003">OCoLC</controlfield>
<controlfield tag="005">20180731114109.0</controlfield>
<controlfield tag="008">870902m19649999fr a     b    000 0 fre</controlfield>
<datafield tag="010" ind1=" " ind2=" ">
<subfield code="a">68143000</subfield>
</datafield>
<datafield tag="015" ind1=" " ind2=" ">
<subfield code="a">F67-2952</subfield>
</datafield>
<datafield tag="020" ind1=" " ind2=" ">
<subfield code="a">2728300534</subfield>
</datafield>
<datafield tag="020" ind1=" " ind2=" ">
<subfield code="a">9782728300532</subfield>
</datafield>
<datafield tag="020" ind1=" " ind2=" ">
<subfield code="a">9782728312429</subfield>
<subfield code="q">(v. 6.2)</subfield>
</datafield>
<datafield tag="020" ind1=" " ind2=" ">
<subfield code="a">2728312427</subfield>
<subfield code="q">(v. 6.2)</subfield>
</datafield>
<datafield tag="020" ind1=" " ind2=" ">
<subfield code="a">9782728312825</subfield>
<subfield code="q">(v.7)</subfield>
</datafield>
<datafield tag="020" ind1=" " ind2=" ">
<subfield code="a">2728312826</subfield>
<subfield code="q">(v.7)</subfield>
</datafield>
<datafield tag="035" ind1=" " ind2=" ">
<subfield code="a">(OCoLC)779761</subfield>
<subfield code="z">(OCoLC)6135531</subfield>
<subfield code="z">(OCoLC)23411608</subfield>
<subfield code="z">(OCoLC)219863640</subfield>
<subfield code="z">(OCoLC)266082596</subfield>
<subfield code="z">(OCoLC)903922268</subfield>
<subfield code="z">(OCoLC)1030107399</subfield>
</datafield>
<datafield tag="040" ind1=" " ind2=" ">
<subfield code="a">DLC</subfield>
<subfield code="b">eng</subfield>
<subfield code="c">DLC</subfield>
<subfield code="d">OCLCQ</subfield>
<subfield code="d">OCLCO</subfield>
<subfield code="d">OCLCF</subfield>
<subfield code="d">OCLCQ</subfield>
<subfield code="d">NAM</subfield>
<subfield code="d">OCL</subfield>
<subfield code="d">OCLCO</subfield>
<subfield code="d">CGU</subfield>
<subfield code="d">EYM</subfield>
<subfield code="d">MUQ</subfield>
<subfield code="d">ZCU</subfield>
<subfield code="d">B9K</subfield>
<subfield code="d">AU@</subfield>
<subfield code="d">GEBAY</subfield>
<subfield code="d">ZWZ</subfield>
<subfield code="d">CUD</subfield>
<subfield code="d">OCLCO</subfield>
<subfield code="d">OCLCA</subfield>
<subfield code="d">IPS</subfield>
<subfield code="d">TFW</subfield>
<subfield code="d">CGU</subfield>
<subfield code="d">ZYU</subfield>
</datafield>
<datafield tag="043" ind1=" " ind2=" ">
<subfield code="a">e-it---</subfield>
</datafield>
<datafield tag="050" ind1="0" ind2="0">
<subfield code="a">DG70.M44</subfield>
<subfield code="b">V35 1966</subfield>
</datafield>
<datafield tag="079" ind1=" " ind2=" ">
<subfield code="a">(OCoLC)779761</subfield>
</datafield>
<datafield tag="082" ind1="0" ind2="0">
<subfield code="a">709/.38</subfield>
<subfield code="2">19</subfield>
</datafield>
<datafield tag="100" ind1="1" ind2=" ">
<subfield code="a">Vallet, Georges.</subfield>
</datafield>
<datafield tag="245" ind1="1" ind2="0">
<subfield code="a">M&#233;gara Hyblaea.</subfield>
</datafield>
<datafield tag="260" ind1=" " ind2=" ">
<subfield code="a">Paris :</subfield>
<subfield code="b">E. de Boccard,</subfield>
<subfield code="c">1964-&lt;2018&gt;</subfield>
</datafield>
<datafield tag="300" ind1=" " ind2=" ">
<subfield code="a">0</subfield>
<subfield code="b">illustrations ;</subfield>
<subfield code="c">29 cm.</subfield>
</datafield>
<datafield tag="336" ind1=" " ind2=" ">
<subfield code="a">text</subfield>
<subfield code="b">txt</subfield>
<subfield code="2">rdacontent</subfield>
</datafield>
<datafield tag="337" ind1=" " ind2=" ">
<subfield code="a">unmediated</subfield>
<subfield code="b">n</subfield>
<subfield code="2">rdamedia</subfield>
</datafield>
<datafield tag="338" ind1=" " ind2=" ">
<subfield code="a">volume</subfield>
<subfield code="b">nc</subfield>
<subfield code="2">rdacarrier</subfield>
</datafield>
<datafield tag="490" ind1="1" ind2=" ">
<subfield code="3">Vol. 1-5:</subfield>
<subfield code="a">&#201;cole fran&#231;aise de Rome. M&#233;langes d'arch&#233;ologie et d'histoire. Suppl&#233;ments,</subfield>
<subfield code="v">1</subfield>
</datafield>
<datafield tag="490" ind1="1" ind2=" ">
<subfield code="3">Vol. 6:2-:</subfield>
<subfield code="a">Collection de l'&#201;cole fran&#231;aise de Rome ;</subfield>
<subfield code="v">1/6.2, 1/7</subfield>
</datafield>
<datafield tag="500" ind1=" " ind2=" ">
<subfield code="a">Volume 6.2 bears the series title Collection de l'&#201;cole fran&#231;aise de Rome and the series volume number "1", but constitutes volume 6.2 of volume 1 of M&#233;langes d'arch&#233;ologie et d'histoire. Suppl&#233;ments.</subfield>
</datafield>
<datafield tag="500" ind1=" " ind2=" ">
<subfield code="a">Volume 1 published in 1976; v. 2 published in 1964; v. 3 published in 1983; v. 4 published in 1966.</subfield>
</datafield>
<datafield tag="500" ind1=" " ind2=" ">
<subfield code="a">Some volumes accompanied by plates issued in portfolio.</subfield>
</datafield>
<datafield tag="500" ind1=" " ind2=" ">
<subfield code="a">Some volumes have imprint: &#201;cole fran&#231;aise de Rome.</subfield>
</datafield>
<datafield tag="504" ind1=" " ind2=" ">
<subfield code="a">Includes bibliographical references.</subfield>
</datafield>
<datafield tag="530" ind1=" " ind2=" ">
<subfield code="a">Also issued online.</subfield>
</datafield>
<datafield tag="505" ind1="0" ind2="0">
<subfield code="g">1.</subfield>
<subfield code="t">Le quartier de l'agora archa&#239;que /</subfield>
<subfield code="r">Georges Vallet, Fran&#231;ois Villard et Paul Auberson --</subfield>
<subfield code="g">2.</subfield>
<subfield code="t">La c&#233;ramique archa&#239;que /</subfield>
<subfield code="r">Georges Vallet ; Francois Villard --</subfield>
<subfield code="g">3.</subfield>
<subfield code="t">Guide des fouilles. Introduction &#224; l'histoire d'une cit&#233; coloniale d'Occident /</subfield>
<subfield code="r">Georges Vallet, Fran&#231;ois Villard et Paul Auberson --</subfield>
<subfield code="g">4.</subfield>
<subfield code="t">Le temple du IVe si&#232;cle /</subfield>
<subfield code="r">Georges Vallet et Fran&#231;ois Villard --</subfield>
<subfield code="g">5.</subfield>
<subfield code="t">La ville archa&#239;que. L'espace urbain d'une cit&#233; grecque de Sicile orientale /</subfield>
<subfield code="r">Michel Gras, Henri Tr&#233;ziny et Henri Broise ; pr&#233;face de Paola Pelagatti et Giuseppe Voza --</subfield>
<subfield code="g">6.</subfield>
<subfield code="t">La n&#233;cropole m&#233;ridionale de la cit&#233; archa&#239;que.</subfield>
<subfield code="g">2.</subfield>
<subfield code="t">Arch&#233;ologie et histoire sociale des rituels fun&#233;raires /</subfield>
<subfield code="r">Reine-Marie B&#233;rard --</subfield>
<subfield code="g">7.</subfield>
<subfield code="t">La ville classique, hell&#233;nistique et romaine /</subfield>
<subfield code="r">Henri Tr&#233;ziny, avec la collaboration de Fr&#233;d&#233;ric M&#232;ge..</subfield>
</datafield>
<datafield tag="651" ind1=" " ind2="0">
<subfield code="a">Megara Hyblaea (Extinct city)</subfield>
</datafield>
<datafield tag="651" ind1=" " ind2="0">
<subfield code="a">Sicily (Italy)</subfield>
<subfield code="x">Antiquities.</subfield>
</datafield>
<datafield tag="651" ind1=" " ind2="0">
<subfield code="a">Italy</subfield>
<subfield code="x">Antiquities.</subfield>
</datafield>
<datafield tag="650" ind1=" " ind2="0">
<subfield code="a">Excavations (Archaeology)</subfield>
<subfield code="z">Italy</subfield>
<subfield code="z">Megara Hyblaea (Extinct city)</subfield>
</datafield>
<datafield tag="651" ind1=" " ind2="7">
<subfield code="a">Megara Hyblaia.</subfield>
<subfield code="2">pleiades</subfield>
<subfield code="0">https://pleiades.stoa.org/places/462307</subfield>
</datafield>
<datafield tag="650" ind1=" " ind2="7">
<subfield code="a">Antiquities.</subfield>
<subfield code="2">fast</subfield>
<subfield code="0">(OCoLC)fst00810745</subfield>
</datafield>
<datafield tag="651" ind1=" " ind2="7">
<subfield code="a">Italy</subfield>
<subfield code="z">Megara Hyblaea (Extinct city)</subfield>
<subfield code="2">fast</subfield>
<subfield code="0">(OCoLC)fst01896816</subfield>
</datafield>
<datafield tag="651" ind1=" " ind2="7">
<subfield code="a">Italy.</subfield>
<subfield code="2">fast</subfield>
<subfield code="0">(OCoLC)fst01204565</subfield>
</datafield>
<datafield tag="651" ind1=" " ind2="7">
<subfield code="a">Italy</subfield>
<subfield code="z">Sicily.</subfield>
<subfield code="2">fast</subfield>
<subfield code="0">(OCoLC)fst01204499</subfield>
</datafield>
<datafield tag="700" ind1="1" ind2=" ">
<subfield code="a">Villard, Fran&#231;ois.</subfield>
</datafield>
<datafield tag="700" ind1="1" ind2=" ">
<subfield code="a">Auberson, Paul.</subfield>
</datafield>
<datafield tag="700" ind1="1" ind2=" ">
<subfield code="a">Gras, Michel,</subfield>
<subfield code="d">1945-</subfield>
</datafield>
<datafield tag="700" ind1="1" ind2=" ">
<subfield code="a">Tr&#233;ziny, Henri.</subfield>
</datafield>
<datafield tag="700" ind1="1" ind2=" ">
<subfield code="a">Broise, Henri.</subfield>
</datafield>
<datafield tag="700" ind1="1" ind2=" ">
<subfield code="a">B&#233;rard, Reine-Marie.</subfield>
</datafield>
<datafield tag="776" ind1="0" ind2="8">
<subfield code="i">Online version:</subfield>
<subfield code="a">Vallet, Georges.</subfield>
<subfield code="t">M&#233;gara Hyblaea .</subfield>
<subfield code="d">Paris, E. de Boccard 1966-&lt;1978?&gt;</subfield>
<subfield code="w">(OCoLC)560292570</subfield>
</datafield>
<datafield tag="830" ind1=" " ind2="0">
<subfield code="a">M&#233;langes d'arch&#233;ologie et d'histoire.</subfield>
<subfield code="p">Suppl&#233;ments ;</subfield>
<subfield code="v">1.</subfield>
</datafield>
<datafield tag="830" ind1=" " ind2="0">
<subfield code="a">Collection de l'&#201;cole fran&#231;aise de Rome ;</subfield>
<subfield code="v">1/6.</subfield>
</datafield>
<datafield tag="830" ind1=" " ind2="0">
<subfield code="a">Collection de l'&#201;cole fran&#231;aise de Rome ;</subfield>
<subfield code="v">1/7.</subfield>
</datafield>
<datafield tag="OWN" ind1=" " ind2=" ">
<subfield code="a">GENERAL</subfield>
</datafield>
<datafield tag="AVA" ind1=" " ind2=" ">
<subfield code="a">NYU50</subfield>
<subfield code="b">BOBST</subfield>
<subfield code="c">Main Collection</subfield>
<subfield code="d">DF261.M435 V16</subfield>
<subfield code="e">available</subfield>
<subfield code="t">Available</subfield>
<subfield code="f">1</subfield>
<subfield code="g">0</subfield>
<subfield code="h">Y</subfield>
<subfield code="i">6</subfield>
<subfield code="j">MAIN</subfield>
<subfield code="k">0</subfield>
</datafield>
<datafield tag="AVA" ind1=" " ind2=" ">
<subfield code="a">NYU50</subfield>
<subfield code="b">NIFA</subfield>
<subfield code="c">Main Collection</subfield>
<subfield code="d">DF261.M435 V16 Non-circulating</subfield>
<subfield code="e">check_holdings</subfield>
<subfield code="t">Check Holdings</subfield>
<subfield code="h">Y</subfield>
<subfield code="j">MAIN</subfield>
<subfield code="k">0</subfield>
</datafield>
<datafield tag="AVA" ind1=" " ind2=" ">
<subfield code="a">NYU50</subfield>
<subfield code="b">NISAW</subfield>
<subfield code="c">Large Collection</subfield>
<subfield code="d">DF261.M435 V16 Non-circulating</subfield>
<subfield code="e">available</subfield>
<subfield code="t">Available</subfield>
<subfield code="f">3</subfield>
<subfield code="g">0</subfield>
<subfield code="h">Y</subfield>
<subfield code="i">0</subfield>
<subfield code="j">LARGE</subfield>
<subfield code="k">0</subfield>
</datafield>
</record>