<record xmlns="http://www.loc.gov/MARC21/slim" xmlns:xsi="http://www.w3.org/2001/XMLSchema-instance" xsi:schemaLocation="http://www.loc.gov/MARC21/slim http://www.loc.gov/standards/marcxml/schema/MARC21slim.xsd">
<leader>00000cam a22     Ia 4500</leader>
<controlfield tag="FMT">BK</controlfield>
<controlfield tag="LDR">00000cam a22     Ia 4500</controlfield>
<controlfield tag="001">006251581</controlfield>
<controlfield tag="005">20180720153334.0</controlfield>
<controlfield tag="008">180717r19521976vc abf   b    001 0 ita d</controlfield>
<datafield tag="035" ind1=" " ind2=" ">
<subfield code="a">(OCoLC)994265092</subfield>
</datafield>
<datafield tag="040" ind1=" " ind2=" ">
<subfield code="a">HTV</subfield>
<subfield code="b">eng</subfield>
<subfield code="c">HTV</subfield>
<subfield code="d">OCLCO</subfield>
<subfield code="d">OCLCF</subfield>
<subfield code="d">UEJ</subfield>
<subfield code="d">OCLCQ</subfield>
<subfield code="d">ZYU</subfield>
</datafield>
<datafield tag="041" ind1="0" ind2=" ">
<subfield code="a">grc</subfield>
<subfield code="a">ita</subfield>
</datafield>
<datafield tag="043" ind1=" " ind2=" ">
<subfield code="a">mm-----</subfield>
</datafield>
<datafield tag="050" ind1=" " ind2="4">
<subfield code="a">DF503</subfield>
<subfield code="b">.C6 1952</subfield>
</datafield>
<datafield tag="100" ind1="0" ind2=" ">
<subfield code="a">Constantine</subfield>
<subfield code="b">VII Porphyrogenitus,</subfield>
<subfield code="c">Emperor of the East,</subfield>
<subfield code="d">905-959.</subfield>
</datafield>
<datafield tag="245" ind1="1" ind2="0">
<subfield code="a">Costantino Porfirogenito :</subfield>
<subfield code="b">De thematibus /</subfield>
<subfield code="c">introduzione, testo critico, commento a cura di A. Pertusi.</subfield>
</datafield>
<datafield tag="260" ind1=" " ind2=" ">
<subfield code="a">Citt&#224; del Vaticano :</subfield>
<subfield code="b">Biblioteca apostolica vaticana,</subfield>
<subfield code="c">1952.</subfield>
</datafield>
<datafield tag="300" ind1=" " ind2=" ">
<subfield code="a">210</subfield>
<subfield code="b">illustrations ;</subfield>
<subfield code="c">26 cm.</subfield>
</datafield>
<datafield tag="336" ind1=" " ind2=" ">
<subfield code="a">text</subfield>
<subfield code="b">txt</subfield>
<subfield code="2">rdacontent</subfield>
</datafield>
<datafield tag="337" ind1=" " ind2=" ">
<subfield code="a">unmediated</subfield>
<subfield code="b">n</subfield>
<subfield code="2">rdamedia</subfield>
</datafield>
<datafield tag="338" ind1=" " ind2=" ">
<subfield code="a">volume</subfield>
<subfield code="b">nc</subfield>
<subfield code="2">rdacarrier</subfield>
</datafield>
<datafield tag="490" ind1="1" ind2=" ">
<subfield code="a">Studi e testi ;</subfield>
<subfield code="v">160</subfield>
</datafield>
<datafield tag="546" ind1=" " ind2=" ">
<subfield code="a">Italian and Ancient Greek.</subfield>
</datafield>
<datafield tag="500" ind1=" " ind2=" ">
<subfield code="a">Also contains original Greek text (p. 59-100).</subfield>
</datafield>
<datafield tag="500" ind1=" " ind2=" ">
<subfield code="a">"Ristampa anastatica 1967."--Opposite title page</subfield>
</datafield>
<datafield tag="500" ind1=" " ind2=" ">
<subfield code="a">ISAW copy is from the library of Nina Garso&#239;an.</subfield>
<subfield code="5">NyNyUAW</subfield>
</datafield>
<datafield tag="500" ind1=" " ind2=" ">
<subfield code="a">ISAW copy is in Venetian wallpaper binding (blue).</subfield>
<subfield code="5">NyNyUAW</subfield>
</datafield>
<datafield tag="651" ind1=" " ind2="0">
<subfield code="a">Byzantine Empire</subfield>
<subfield code="x">History</subfield>
<subfield code="x">Sources.</subfield>
</datafield>
<datafield tag="651" ind1=" " ind2="7">
<subfield code="a">Byzantine Empire.</subfield>
<subfield code="2">fast</subfield>
<subfield code="0">(OCoLC)fst01209292</subfield>
</datafield>
<datafield tag="655" ind1=" " ind2="7">
<subfield code="a">History.</subfield>
<subfield code="2">fast</subfield>
<subfield code="0">(OCoLC)fst01411628</subfield>
</datafield>
<datafield tag="655" ind1=" " ind2="7">
<subfield code="a">Sources.</subfield>
<subfield code="2">fast</subfield>
<subfield code="0">(OCoLC)fst01423900</subfield>
</datafield>
<datafield tag="700" ind1="1" ind2=" ">
<subfield code="a">Pertusi, Agostino.</subfield>
</datafield>
<datafield tag="700" ind1="1" ind2=" ">
<subfield code="a">Garso&#239;an, Nina G.,</subfield>
<subfield code="d">1923-</subfield>
<subfield code="e">former owner.</subfield>
<subfield code="5">NyNyUAW</subfield>
</datafield>
<datafield tag="710" ind1="2" ind2=" ">
<subfield code="a">Biblioteca apostolica vaticana.</subfield>
</datafield>
<datafield tag="740" ind1="0" ind2=" ">
<subfield code="a">Garso&#239;an Collection.</subfield>
<subfield code="5">NyNyUAW</subfield>
</datafield>
<datafield tag="830" ind1=" " ind2="0">
<subfield code="a">Studi e testi (Biblioteca apostolica vaticana) ;</subfield>
<subfield code="v">160.</subfield>
</datafield>
<datafield tag="OWN" ind1=" " ind2=" ">
<subfield code="a">GENERAL</subfield>
</datafield>
<datafield tag="AVA" ind1=" " ind2=" ">
<subfield code="a">NYU50</subfield>
<subfield code="b">NISAW</subfield>
<subfield code="c">Small Collection</subfield>
<subfield code="d">DF503 .C6 1952</subfield>
<subfield code="e">available</subfield>
<subfield code="t">Available</subfield>
<subfield code="f">1</subfield>
<subfield code="g">0</subfield>
<subfield code="h">N</subfield>
<subfield code="i">0</subfield>
<subfield code="j">SMALL</subfield>
<subfield code="k">0</subfield>
</datafield>
</record>