<record xmlns="http://www.loc.gov/MARC21/slim" xmlns:xsi="http://www.w3.org/2001/XMLSchema-instance" xsi:schemaLocation="http://www.loc.gov/MARC21/slim http://www.loc.gov/standards/marcxml/schema/MARC21slim.xsd">
<leader>00000cam a22     Ii 4500</leader>
<controlfield tag="FMT">BK</controlfield>
<controlfield tag="LDR">00000cam a22     Ii 4500</controlfield>
<controlfield tag="001">006254246</controlfield>
<controlfield tag="005">20180723175743.0</controlfield>
<controlfield tag="008">180723s2016    fr ab    b    100 0 fre d</controlfield>
<datafield tag="020" ind1=" " ind2=" ">
<subfield code="a">9782356131508</subfield>
</datafield>
<datafield tag="020" ind1=" " ind2=" ">
<subfield code="a">2356131507</subfield>
</datafield>
<datafield tag="020" ind1=" " ind2=" ">
<subfield code="z">9782356131308</subfield>
</datafield>
<datafield tag="035" ind1=" " ind2=" ">
<subfield code="a">(OCoLC)944947145</subfield>
<subfield code="z">(OCoLC)946882954</subfield>
</datafield>
<datafield tag="040" ind1=" " ind2=" ">
<subfield code="a">ERASP</subfield>
<subfield code="b">eng</subfield>
<subfield code="e">rda</subfield>
<subfield code="c">ERASP</subfield>
<subfield code="d">LTSCA</subfield>
<subfield code="d">OCLCO</subfield>
<subfield code="d">C3L</subfield>
<subfield code="d">OCLCF</subfield>
<subfield code="d">UEJ</subfield>
<subfield code="d">OCLCQ</subfield>
<subfield code="d">ZYU</subfield>
</datafield>
<datafield tag="041" ind1="0" ind2=" ">
<subfield code="a">fre</subfield>
<subfield code="b">eng</subfield>
</datafield>
<datafield tag="050" ind1=" " ind2="4">
<subfield code="a">DG59.G2</subfield>
<subfield code="b">F73 2016</subfield>
</datafield>
<datafield tag="082" ind1="0" ind2="4">
<subfield code="a">940.1</subfield>
</datafield>
<datafield tag="245" ind1="0" ind2="0">
<subfield code="a">Franges urbaines, confins territoriaux :</subfield>
<subfield code="b">la Gaule dans l'Empire : actes du colloque international (Versailles, 29 fe&#769;vrier-3 mars 2012) /</subfield>
<subfield code="c">organise&#769; par le Service re&#769;gional d'arche&#769;ologie I&#770;le-de-France, direction re&#769;gionale des affaires culturelles et l'UMR 7041 ArScAn, e&#769;quipe GAMA (Arche&#769;ologie de la Gaule et du monde antique) ; textes re&#769;unis par Claire Besson, Olivier Blin, Bertrand Triboulot.</subfield>
</datafield>
<datafield tag="264" ind1=" " ind2="1">
<subfield code="a">Bordeaux :</subfield>
<subfield code="b">Ausonius e&#769;ditions,</subfield>
<subfield code="c">2016.</subfield>
</datafield>
<datafield tag="300" ind1=" " ind2=" ">
<subfield code="a">687 pages :</subfield>
<subfield code="b">illustrations (some color), maps (some color) ;</subfield>
<subfield code="c">29 cm.</subfield>
</datafield>
<datafield tag="336" ind1=" " ind2=" ">
<subfield code="a">text</subfield>
<subfield code="b">txt</subfield>
<subfield code="2">rdacontent</subfield>
</datafield>
<datafield tag="337" ind1=" " ind2=" ">
<subfield code="a">unmediated</subfield>
<subfield code="b">n</subfield>
<subfield code="2">rdamedia</subfield>
</datafield>
<datafield tag="338" ind1=" " ind2=" ">
<subfield code="a">volume</subfield>
<subfield code="b">nc</subfield>
<subfield code="2">rdacarrier</subfield>
</datafield>
<datafield tag="490" ind1="1" ind2=" ">
<subfield code="a">Me&#769;moires,</subfield>
<subfield code="x">1283-2995 ;</subfield>
<subfield code="v">41</subfield>
</datafield>
<datafield tag="504" ind1=" " ind2=" ">
<subfield code="a">Includes bibliographical references.</subfield>
</datafield>
<datafield tag="546" ind1=" " ind2=" ">
<subfield code="a">Texts French, with abstracts in English.</subfield>
</datafield>
<datafield tag="505" ind1="0" ind2=" ">
<subfield code="a">F. Joanne&#768;s: Avant-propos ; B. Foucray: Pre&#769;face ; C. Besson &amp; al.: Introduction ; J. Scheid: Les sanctuaires de confins, une notion ambigue&#776;: l'exemple de Rome Limites de la ville, franges urbaines. S. Esmonde-Cleary: Defences and the structuration of urban space in the west ; V. Barrie&#768;re: Un sas entre ville et campagne: les portes a&#768; cour inte&#769;rieure en Gaule (Cisalpine comprise) ; R. Volpe / P. Gioia: Le Suburbium de Rome: l'e&#769;volution dans le temps de la relation entre la ville et sa banlieue sud-est ; E. Dumas / F. Blaizot: Le suburbium de Lyon: un e&#769;tat de la question ; P. Joyeux &amp; al.: Orle&#769;ans du haut-empire a&#768; l'antiquite&#769; tardive: limites de la ville et franges urbaines ; C. Ben Kaddour &amp; al.: La pe&#769;riphe&#769;rie d'Autricum (Chartres) sous le haut-empire: l'exemple du secteur nord-est de Chartres a&#768; la lumie&#768;re de trois fouilles re&#769;centes (Hubert-Latham, Clos-Vert et Grande-Filles-Dieu) ; J.-P. Baigl: Les suburbia de Saintes: marqueurs de l'e&#769;volution chrono-topographique de la ville antique ; O. Blin: Dynamique d'occupation et d'e&#769;volution d'un secteur pe&#769;riurbain du vicus antique de Diodurum (Jouars-Pontchartrain, Yvelines) ; J.-B. Gervreau / P. Flotte&#769;: Un espace en pe&#769;riphe&#769;rie de l'agglome&#769;ration d'Horbourg-Wihr (Alsace, Haut-Rhin): l'exemple de la fouille re&#769;alise&#769;e en 2008 au lieu-dit Kreuzfeld-Est ; F. Gabayet: Les marges du vicus de Boutae (Annecy, Haute-Savoie): la villa Mermoz ; L. Blondiau: L'agglome&#769;ration secondaire antique de Pont-de-Metz (Somme) ;</subfield>
</datafield>
<datafield tag="505" ind1="0" ind2=" ">
<subfield code="a">C. Besson &amp; al.: Limites de la ville, limites de l'exercice. Perceptions de la topographie de Melun antique (Seine-et-Marne) ; L. Pastor: Lire les limites de la ville a&#768; partir de la localisation des ateliers de potiers ; R. Clotuche / F. Martis: Agglome&#769;ration sans faubourg au coeur d'un espace de productions et d'e&#769;changes F. Lanthemann: Les formes de l'habitat prive&#769; comme marqueurs de l'e&#769;loignement urbain: trois exemples du territoire de la Suisse actuelle ; P. Leveau: Pe&#769;riphe&#769;rie urbaine et lieux d'accueil des voyageurs et commerc&#807;ants ; Q. Borderie: Percevoir la complexite&#769; urbaine par l'e&#769;tude de ses franges: les terres noires des IVe-XIe s. a&#768; Metz, Beauvais et Noyon ; B. Lefevre: La mode&#769;lisation chrono-chore&#769;matique: un outil pour analyser la re&#769;traction urbaine de l'antiquite&#769; tardive ; Approches des limites territoriales. M. Dondin-Payre: Frontie&#768;res de cite&#769;s, frontie&#768;res dans les cite&#769;s. Analyse historique et me&#769;thodologique des trace&#769;s et de la signification des frontie&#768;res dans les provinces nord-occidentales ; C. Chulsky: Mode&#769;lisation des pe&#769;riphe&#769;ries ni&#770;moises gra&#770;ce au croisement de la toponymie et de l'e&#769;pigraphie ; J. Bruant / R. Touquet: Menhirs ou bornes leugaires? Des me&#769;galithes aux confins des territoires carnute, se&#769;non et parisii a&#768; l'e&#769;preuve de l'analyse cartographique ; A. Audebert &amp; al.: Aux confins de la cite&#769; des Re&#768;mes, les secteurs H et K du Po&#770;le d'activite&#769;s du Griffon, a&#768; Barenton-Bugny (Aisne) ; L. Blondiau: Un habitat routier atypique aux confins de trois territoires: le site de Noyelles-lez-Seclin (Nord) ; F. Laubenheimer / E. Marlie&#768;re: L'approvisionnement des chefs-lieux de cite&#769; dans le nord-ouest de la Gaule a&#768; partir du te&#769;moignage des amphores ; V. Pissot: Facie&#768;s ce&#769;ramiques et confins territoriaux: l'exemple des productions d'I&#770;le-de-France au Haut-Empire ; A. Delor-Ahu&#776; / S. Mouton-Vernault: Facie&#768;s ce&#769;ramiques et entite&#769;s territoriales en Bourgogne et Cham</subfield>
</datafield>
<datafield tag="505" ind1="0" ind2=" ">
<subfield code="a">M. Thivet: Les sanctuaires de pe&#769;riphe&#769;rie urbaine en Se&#769;quanie: les cas de Besanc&#807;on-Vesontio et de Mandeure-Epomanduodurum. Situation, chronologie et morphologie ; F. Creuzenet &amp; al.: Un lieu de culte pe&#769;riurbain et son mobilier: le sanctuaire d'Apollon Moritasgus a&#768; Ale&#769;sia ; S. Maune&#769;: Aux frontie&#768;res des cite&#769;s de Be&#769;ziers, Lode&#768;ve et Ni&#770;mes: la moyenne valle&#769;e de l'He&#769;rault dans l'antiquite&#769;. De&#769;veloppement e&#769;conomique et exploitation des territoires ; Y. Barat (y&#769;): Les confins septentrionaux de Carnutes: le cas de Yvelines ; I. Fauduet / B. Cle&#769;menc&#807;on: La religion aux confins de la cite&#769; arverne: arche&#769;ologie et toponymie ; R. Golosetti: Les sanctuaires des grands cols alpins: entre appropriation de l'espace de marges et zone liminale ; Des espaces marginalise&#769;s? F. Tre&#769;ment &amp; al.: Centres et pe&#769;riphe&#769;ries dans les cite&#769;s antiques du Massif Central. Occupation, mise en valeur et inte&#769;gration des territoires de montagne dans la cite&#769; des Arvernes (fin de l'a&#770;ge du fer-de&#769;but du moyen a&#770;ge) ; D. Acolat: Le bornage des confins en haute et moyenne montagne dans les Alpes romaines: espace de marges, espaces marginalise&#769;s, espaces finalise&#769;s? Un exemple: la haute valle&#769;e de l'Arve et du val d'Arly en Haute-Savoie ; G. Grau &amp; al.: Les confins territoriaux des cite&#769;s gauloises: le cas du haut bassin de la Meurthe chez les Leuques ; C. Devals: Gue&#769;rande, site antique aux confins de la Loire et de l'Oce&#769;an: d'un sche&#769;ma classique a&#768; l'affirmation d'une singularite&#769; ; M. Redde&#769;: Franges urbaines, confins territoriaux: quelles notions, pour quelle re&#769;flexion? ; Ouverture: aujourd'hui pour demain. O. Godet: Les charmes des faubourgs, encore et toujours, l'exemple de Paris ; E. Perrin: E&#769;vocation contemporaine des fresques de la villa de la Millie&#768;re aux Mesnuls (Yvelines).</subfield>
</datafield>
<datafield tag="650" ind1=" " ind2="0">
<subfield code="a">Urban archaeology</subfield>
<subfield code="z">Gaul</subfield>
<subfield code="v">Congresses.</subfield>
</datafield>
<datafield tag="651" ind1=" " ind2="0">
<subfield code="a">Gaul</subfield>
<subfield code="x">Antiquities, Roman</subfield>
<subfield code="v">Congresses.</subfield>
</datafield>
<datafield tag="650" ind1=" " ind2="0">
<subfield code="a">Suburbs</subfield>
<subfield code="z">Gaul</subfield>
<subfield code="v">Congresses.</subfield>
</datafield>
<datafield tag="650" ind1=" " ind2="0">
<subfield code="a">Human territoriality</subfield>
<subfield code="z">Gaul</subfield>
<subfield code="v">Congresses.</subfield>
</datafield>
<datafield tag="650" ind1=" " ind2="6">
<subfield code="a">Arche&#769;ologie urbaine</subfield>
<subfield code="z">Gaule</subfield>
<subfield code="v">Congre&#768;s.</subfield>
</datafield>
<datafield tag="651" ind1=" " ind2="6">
<subfield code="a">Gaule</subfield>
<subfield code="x">Antiquite&#769;s romaines</subfield>
<subfield code="v">Congre&#768;s.</subfield>
</datafield>
<datafield tag="650" ind1=" " ind2="6">
<subfield code="a">Banlieues</subfield>
<subfield code="z">Gaule</subfield>
<subfield code="v">Congre&#768;s.</subfield>
</datafield>
<datafield tag="650" ind1=" " ind2="6">
<subfield code="a">Territorialite&#769; humaine</subfield>
<subfield code="z">Gaule</subfield>
<subfield code="v">Congre&#768;s.</subfield>
</datafield>
<datafield tag="650" ind1=" " ind2="7">
<subfield code="a">Classical antiquities.</subfield>
<subfield code="2">fast</subfield>
<subfield code="0">(OCoLC)fst00863445</subfield>
</datafield>
<datafield tag="650" ind1=" " ind2="7">
<subfield code="a">Human territoriality.</subfield>
<subfield code="2">fast</subfield>
<subfield code="0">(OCoLC)fst00963473</subfield>
</datafield>
<datafield tag="650" ind1=" " ind2="7">
<subfield code="a">Suburbs.</subfield>
<subfield code="2">fast</subfield>
<subfield code="0">(OCoLC)fst01136941</subfield>
</datafield>
<datafield tag="650" ind1=" " ind2="7">
<subfield code="a">Urban archaeology.</subfield>
<subfield code="2">fast</subfield>
<subfield code="0">(OCoLC)fst01162367</subfield>
</datafield>
<datafield tag="651" ind1=" " ind2="7">
<subfield code="a">Europe</subfield>
<subfield code="z">Gaul.</subfield>
<subfield code="2">fast</subfield>
<subfield code="0">(OCoLC)fst01240016</subfield>
</datafield>
<datafield tag="655" ind1=" " ind2="7">
<subfield code="a">Conference papers and proceedings.</subfield>
<subfield code="2">fast</subfield>
<subfield code="0">(OCoLC)fst01423772</subfield>
</datafield>
<datafield tag="700" ind1="1" ind2=" ">
<subfield code="a">Besson, Claire,</subfield>
<subfield code="e">editor.</subfield>
</datafield>
<datafield tag="700" ind1="1" ind2=" ">
<subfield code="a">Blin, Olivier,</subfield>
<subfield code="e">editor.</subfield>
</datafield>
<datafield tag="700" ind1="1" ind2=" ">
<subfield code="a">Triboulot, Bertrand,</subfield>
<subfield code="d">1967-</subfield>
<subfield code="e">editor.</subfield>
</datafield>
<datafield tag="710" ind1="1" ind2=" ">
<subfield code="a">France.</subfield>
<subfield code="b">Service re&#769;gional de l'arche&#769;ologie d'Ile-de-France.</subfield>
</datafield>
<datafield tag="830" ind1=" " ind2="0">
<subfield code="a">Me&#769;moires (Ausonius (Institute)) ;</subfield>
<subfield code="v">41.</subfield>
<subfield code="x">1283-2995</subfield>
</datafield>
<datafield tag="OWN" ind1=" " ind2=" ">
<subfield code="a">GENERAL</subfield>
</datafield>
<datafield tag="AVA" ind1=" " ind2=" ">
<subfield code="a">NYU50</subfield>
<subfield code="b">NISAW</subfield>
<subfield code="c">Large Collection</subfield>
<subfield code="d">DG59.G2 F73 2016</subfield>
<subfield code="e">unavailable</subfield>
<subfield code="t">Unavailable</subfield>
<subfield code="f">1</subfield>
<subfield code="g">1</subfield>
<subfield code="h">N</subfield>
<subfield code="i">0</subfield>
<subfield code="j">LARGE</subfield>
<subfield code="k">0</subfield>
</datafield>
</record>