<record xmlns="http://www.loc.gov/MARC21/slim" xmlns:xsi="http://www.w3.org/2001/XMLSchema-instance" xsi:schemaLocation="http://www.loc.gov/MARC21/slim http://www.loc.gov/standards/marcxml/schema/MARC21slim.xsd">
<leader>00000cam a22      i 4500</leader>
<controlfield tag="FMT">BK</controlfield>
<controlfield tag="LDR">00000cam a22      i 4500</controlfield>
<controlfield tag="001">006225396</controlfield>
<controlfield tag="005">20180713142609.0</controlfield>
<controlfield tag="008">180711t20172017enkab    b    000 0 eng c</controlfield>
<datafield tag="020" ind1=" " ind2=" ">
<subfield code="a">1784917427</subfield>
<subfield code="q">(paperback)</subfield>
</datafield>
<datafield tag="020" ind1=" " ind2=" ">
<subfield code="a">9781784917425</subfield>
<subfield code="q">(paperback)</subfield>
</datafield>
<datafield tag="020" ind1=" " ind2=" ">
<subfield code="a">9781784917432</subfield>
<subfield code="q">(e-PDF)</subfield>
</datafield>
<datafield tag="020" ind1=" " ind2=" ">
<subfield code="a">1784917435</subfield>
<subfield code="q">(e-PDF)</subfield>
</datafield>
<datafield tag="035" ind1=" " ind2=" ">
<subfield code="a">(OCoLC)1014360804</subfield>
</datafield>
<datafield tag="040" ind1=" " ind2=" ">
<subfield code="a">YDX</subfield>
<subfield code="b">eng</subfield>
<subfield code="e">rda</subfield>
<subfield code="c">YDX</subfield>
<subfield code="d">ERASA</subfield>
<subfield code="d">CDX</subfield>
<subfield code="d">UAB</subfield>
<subfield code="d">OCLCF</subfield>
<subfield code="d">QGE</subfield>
<subfield code="d">UBY</subfield>
<subfield code="d">NNU</subfield>
</datafield>
<datafield tag="042" ind1=" " ind2=" ">
<subfield code="a">pcc</subfield>
</datafield>
<datafield tag="043" ind1=" " ind2=" ">
<subfield code="a">ff-----</subfield>
<subfield code="a">e------</subfield>
<subfield code="a">aw-----</subfield>
<subfield code="a">a-ii---</subfield>
</datafield>
<datafield tag="050" ind1=" " ind2="4">
<subfield code="a">DG85</subfield>
<subfield code="b">.G76 2017</subfield>
</datafield>
<datafield tag="082" ind1="0" ind2="4">
<subfield code="a">330.937</subfield>
<subfield code="2">23</subfield>
</datafield>
<datafield tag="100" ind1="1" ind2=" ">
<subfield code="a">Gr&#248;nlund Evers, Kasper,</subfield>
<subfield code="e">author.</subfield>
</datafield>
<datafield tag="245" ind1="1" ind2="0">
<subfield code="a">Worlds apart trading together :</subfield>
<subfield code="b">the organisation of long-distance trade between Rome and India in antiquity /</subfield>
<subfield code="c">Kasper Gr&#248;nlund Evers.</subfield>
</datafield>
<datafield tag="264" ind1=" " ind2="1">
<subfield code="a">Oxford :</subfield>
<subfield code="b">Archaeopress Publishing Ltd,</subfield>
<subfield code="c">[2017]</subfield>
</datafield>
<datafield tag="264" ind1=" " ind2="4">
<subfield code="c">&#169;2017</subfield>
</datafield>
<datafield tag="300" ind1=" " ind2=" ">
<subfield code="a">213</subfield>
<subfield code="b">illustrations (some color), color maps ;</subfield>
<subfield code="c">30 cm.</subfield>
</datafield>
<datafield tag="336" ind1=" " ind2=" ">
<subfield code="a">text</subfield>
<subfield code="b">txt</subfield>
<subfield code="2">rdacontent</subfield>
</datafield>
<datafield tag="337" ind1=" " ind2=" ">
<subfield code="a">unmediated</subfield>
<subfield code="b">n</subfield>
<subfield code="2">rdamedia</subfield>
</datafield>
<datafield tag="338" ind1=" " ind2=" ">
<subfield code="a">volume</subfield>
<subfield code="b">nc</subfield>
<subfield code="2">rdacarrier</subfield>
</datafield>
<datafield tag="490" ind1="1" ind2=" ">
<subfield code="a">Archaeopress Roman archaeology ;</subfield>
<subfield code="v">32</subfield>
</datafield>
<datafield tag="490" ind1="1" ind2=" ">
<subfield code="a">Archaeopress archaeology</subfield>
</datafield>
<datafield tag="504" ind1=" " ind2=" ">
<subfield code="a">Includes bibliographical references (pages 187-213).</subfield>
</datafield>
<datafield tag="520" ind1="8" ind2=" ">
<subfield code="a">"'Worlds Apart Trading Together' sets out to replace the outdated notion of 'Indo-Roman trade' with a more informed perspective integrating the new findings of the last 30 years. In order to accomplish this, a perspective focusing on concrete demand from the ground up is adopted, also shedding light on the role of the market in long-distance exchange. Accordingly, the analysis conducted demonstrates that an economically highly substantial trade took place between the Mediterranean and the Indian Ocean in the 1st-6th cen. CE, altering patterns of consumption and modes of production in both India, South Arabia and the Roman Empire. Significantly, it can be documented that this trade was organised at the centres of demand and supply, in Rome and India, respectively, by comparable urban associations, the transport in-between being handled by equally well-organised private networks and diasporas of seagoing merchants. Consequently, this study concludes that the institution of the market in Antiquity was able to facilitate trade over very long distances, acting on a scale which had a characteristic impact on the economies of the societies involved, their economic structures converging by adapting to trade and the market."--Cover page 4.</subfield>
</datafield>
<datafield tag="651" ind1=" " ind2="0">
<subfield code="a">Rome</subfield>
<subfield code="x">Commerce</subfield>
<subfield code="z">India.</subfield>
</datafield>
<datafield tag="651" ind1=" " ind2="0">
<subfield code="a">India</subfield>
<subfield code="x">Commerce</subfield>
<subfield code="z">Rome.</subfield>
</datafield>
<datafield tag="651" ind1=" " ind2="0">
<subfield code="a">Rome</subfield>
<subfield code="x">Antiquities.</subfield>
</datafield>
<datafield tag="651" ind1=" " ind2="0">
<subfield code="a">India</subfield>
<subfield code="x">Antiquities.</subfield>
</datafield>
<datafield tag="651" ind1=" " ind2="0">
<subfield code="a">Rome</subfield>
<subfield code="x">Economic conditions</subfield>
<subfield code="y">30 B.C.-476 A.D.</subfield>
</datafield>
<datafield tag="651" ind1=" " ind2="0">
<subfield code="a">India</subfield>
<subfield code="x">Economic conditions</subfield>
<subfield code="y">To 1000.</subfield>
</datafield>
<datafield tag="651" ind1=" " ind2="7">
<subfield code="a">India.</subfield>
<subfield code="2">pleiades</subfield>
<subfield code="0">https://pleiades.stoa.org/places/50004</subfield>
<subfield code="5">NyNyUAW</subfield>
</datafield>
<datafield tag="651" ind1=" " ind2="7">
<subfield code="a">Roma.</subfield>
<subfield code="2">pleiades</subfield>
<subfield code="0">https://pleiades.stoa.org/places/423025</subfield>
<subfield code="5">NyNyUAW</subfield>
</datafield>
<datafield tag="650" ind1=" " ind2="7">
<subfield code="a">Antiquities.</subfield>
<subfield code="2">fast</subfield>
<subfield code="0">(OCoLC)fst00810745</subfield>
</datafield>
<datafield tag="650" ind1=" " ind2="7">
<subfield code="a">Commerce.</subfield>
<subfield code="2">fast</subfield>
<subfield code="0">(OCoLC)fst00869279</subfield>
</datafield>
<datafield tag="650" ind1=" " ind2="7">
<subfield code="a">Economic history.</subfield>
<subfield code="2">fast</subfield>
<subfield code="0">(OCoLC)fst00901974</subfield>
</datafield>
<datafield tag="651" ind1=" " ind2="7">
<subfield code="a">India.</subfield>
<subfield code="2">fast</subfield>
<subfield code="0">(OCoLC)fst01210276</subfield>
</datafield>
<datafield tag="651" ind1=" " ind2="7">
<subfield code="a">Rome (Empire)</subfield>
<subfield code="2">fast</subfield>
<subfield code="0">(OCoLC)fst01204885</subfield>
</datafield>
<datafield tag="648" ind1=" " ind2="7">
<subfield code="a">To 1000</subfield>
<subfield code="2">fast</subfield>
</datafield>
<datafield tag="830" ind1=" " ind2="0">
<subfield code="a">Archaeopress Roman archaeology ;</subfield>
<subfield code="v">32.</subfield>
</datafield>
<datafield tag="830" ind1=" " ind2="0">
<subfield code="a">Archaeopress archaeology.</subfield>
</datafield>
<datafield tag="OWN" ind1=" " ind2=" ">
<subfield code="a">GENERAL</subfield>
</datafield>
<datafield tag="AVA" ind1=" " ind2=" ">
<subfield code="a">NYU50</subfield>
<subfield code="b">NISAW</subfield>
<subfield code="c">Large Collection</subfield>
<subfield code="d">DG85 .G76 2017 Non-circulating</subfield>
<subfield code="e">available</subfield>
<subfield code="t">Available</subfield>
<subfield code="f">1</subfield>
<subfield code="g">0</subfield>
<subfield code="h">N</subfield>
<subfield code="i">0</subfield>
<subfield code="j">LARGE</subfield>
<subfield code="k">0</subfield>
</datafield>
</record>