<record xmlns="http://www.loc.gov/MARC21/slim" xmlns:xsi="http://www.w3.org/2001/XMLSchema-instance" xsi:schemaLocation="http://www.loc.gov/MARC21/slim http://www.loc.gov/standards/marcxml/schema/MARC21slim.xsd">
<leader>00000cam a22      i 4500</leader>
<controlfield tag="FMT">BK</controlfield>
<controlfield tag="LDR">00000cam a22      i 4500</controlfield>
<controlfield tag="001">006253633</controlfield>
<controlfield tag="005">20180723143022.0</controlfield>
<controlfield tag="008">180723s2018    be a     b    001 0 fre c</controlfield>
<datafield tag="020" ind1=" " ind2=" ">
<subfield code="a">2875621505</subfield>
<subfield code="q">(pbk.)</subfield>
</datafield>
<datafield tag="020" ind1=" " ind2=" ">
<subfield code="a">9782875621504</subfield>
<subfield code="q">(pbk.)</subfield>
</datafield>
<datafield tag="024" ind1="3" ind2=" ">
<subfield code="a">9782875621504</subfield>
<subfield code="q">(pbk.)</subfield>
</datafield>
<datafield tag="035" ind1=" " ind2=" ">
<subfield code="a">(OCoLC)1029571200</subfield>
<subfield code="z">(OCoLC)1029865532</subfield>
<subfield code="z">(OCoLC)1031932570</subfield>
<subfield code="z">(OCoLC)1032012393</subfield>
<subfield code="z">(OCoLC)1032172092</subfield>
</datafield>
<datafield tag="040" ind1=" " ind2=" ">
<subfield code="a">OHX</subfield>
<subfield code="b">eng</subfield>
<subfield code="e">rda</subfield>
<subfield code="c">OHX</subfield>
<subfield code="d">OCLCO</subfield>
<subfield code="d">AUXAM</subfield>
<subfield code="d">YDX</subfield>
<subfield code="d">UBY</subfield>
<subfield code="d">OCLCF</subfield>
<subfield code="d">NNU</subfield>
</datafield>
<datafield tag="041" ind1="1" ind2=" ">
<subfield code="a">fre</subfield>
<subfield code="a">lat</subfield>
<subfield code="h">lat</subfield>
</datafield>
<datafield tag="042" ind1=" " ind2=" ">
<subfield code="a">pcc</subfield>
</datafield>
<datafield tag="050" ind1=" " ind2="4">
<subfield code="a">DG295</subfield>
<subfield code="b">.B47 2018</subfield>
</datafield>
<datafield tag="072" ind1=" " ind2="7">
<subfield code="a">PA</subfield>
<subfield code="2">lcco</subfield>
</datafield>
<datafield tag="072" ind1=" " ind2="7">
<subfield code="a">DG</subfield>
<subfield code="2">lcco</subfield>
</datafield>
<datafield tag="100" ind1="1" ind2=" ">
<subfield code="a">Berg, Tatiana,</subfield>
<subfield code="d">1992-</subfield>
<subfield code="e">author,</subfield>
<subfield code="e">translator.</subfield>
</datafield>
<datafield tag="245" ind1="1" ind2="2">
<subfield code="a">L'Hadrianus de Montserrat (P.Monts.Roca III, inv. 162-165) :</subfield>
<subfield code="b">edition, traduction et analyse contextuelle d'un recit latin conserve&#769; sur papyrus /</subfield>
<subfield code="c">Tatiana Berg.</subfield>
</datafield>
<datafield tag="264" ind1=" " ind2="1">
<subfield code="a">Liege (Belgique) :</subfield>
<subfield code="b">Presses Universitaires de Liege,</subfield>
<subfield code="c">2018.</subfield>
</datafield>
<datafield tag="300" ind1=" " ind2=" ">
<subfield code="a">194 pages :</subfield>
<subfield code="b">color illustrations ;</subfield>
<subfield code="c">24 cm.</subfield>
</datafield>
<datafield tag="336" ind1=" " ind2=" ">
<subfield code="a">text</subfield>
<subfield code="b">txt</subfield>
<subfield code="2">rdacontent</subfield>
</datafield>
<datafield tag="336" ind1=" " ind2=" ">
<subfield code="a">still image</subfield>
<subfield code="b">sti</subfield>
<subfield code="2">rdacontent</subfield>
</datafield>
<datafield tag="337" ind1=" " ind2=" ">
<subfield code="a">unmediated</subfield>
<subfield code="b">n</subfield>
<subfield code="2">rdamedia</subfield>
</datafield>
<datafield tag="338" ind1=" " ind2=" ">
<subfield code="a">volume</subfield>
<subfield code="b">nc</subfield>
<subfield code="2">rdacarrier</subfield>
</datafield>
<datafield tag="490" ind1="1" ind2=" ">
<subfield code="a">Collection Papyrologica Leodiensia ;</subfield>
<subfield code="v">8</subfield>
</datafield>
<datafield tag="546" ind1=" " ind2=" ">
<subfield code="a">French translation of Latin, with notes in French. Includes original Latin text.</subfield>
</datafield>
<datafield tag="500" ind1=" " ind2=" ">
<subfield code="a">Critical edition.</subfield>
</datafield>
<datafield tag="500" ind1=" " ind2=" ">
<subfield code="a">Publication of the author's master's thesis, Universite&#769; de Liege, 2015.</subfield>
</datafield>
<datafield tag="504" ind1=" " ind2=" ">
<subfield code="a">Includes bibliographical references and indexes.</subfield>
</datafield>
<datafield tag="600" ind1="0" ind2="0">
<subfield code="a">Hadrian,</subfield>
<subfield code="c">Emperor of Rome,</subfield>
<subfield code="d">76-138</subfield>
<subfield code="v">Fiction.</subfield>
</datafield>
<datafield tag="630" ind1="0" ind2="0">
<subfield code="a">Hadrianus (Tale)</subfield>
</datafield>
<datafield tag="600" ind1="0" ind2="7">
<subfield code="a">Hadrian,</subfield>
<subfield code="c">Emperor of Rome,</subfield>
<subfield code="d">76-138.</subfield>
<subfield code="2">fast</subfield>
<subfield code="0">(OCoLC)fst00009972</subfield>
</datafield>
<datafield tag="650" ind1=" " ind2="0">
<subfield code="a">Manuscripts, Latin (Papyri)</subfield>
</datafield>
<datafield tag="650" ind1=" " ind2="7">
<subfield code="a">Manuscripts, Latin (Papyri)</subfield>
<subfield code="2">fast</subfield>
<subfield code="0">(OCoLC)fst01008407</subfield>
</datafield>
<datafield tag="655" ind1=" " ind2="7">
<subfield code="a">Fiction.</subfield>
<subfield code="2">fast</subfield>
<subfield code="0">(OCoLC)fst01423787</subfield>
</datafield>
<datafield tag="730" ind1="0" ind2="2">
<subfield code="i">Container of (expression):</subfield>
<subfield code="a">Hadrianus (Tale).</subfield>
<subfield code="l">French</subfield>
<subfield code="s">(Berg)</subfield>
</datafield>
<datafield tag="730" ind1="0" ind2="2">
<subfield code="i">Container of (expression):</subfield>
<subfield code="a">Hadrianus (Tale).</subfield>
<subfield code="l">Latin</subfield>
<subfield code="s">(Berg)</subfield>
</datafield>
<datafield tag="830" ind1=" " ind2="0">
<subfield code="a">Papyrologica Leodiensia ;</subfield>
<subfield code="v">8.</subfield>
</datafield>
<datafield tag="OWN" ind1=" " ind2=" ">
<subfield code="a">GENERAL</subfield>
</datafield>
<datafield tag="AVA" ind1=" " ind2=" ">
<subfield code="a">NYU50</subfield>
<subfield code="b">NISAW</subfield>
<subfield code="c">Small Collection</subfield>
<subfield code="d">DG295 .B47 2018</subfield>
<subfield code="e">unavailable</subfield>
<subfield code="t">Unavailable</subfield>
<subfield code="f">1</subfield>
<subfield code="g">1</subfield>
<subfield code="h">N</subfield>
<subfield code="i">0</subfield>
<subfield code="j">SMALL</subfield>
<subfield code="k">0</subfield>
</datafield>
</record>