<record xmlns="http://www.loc.gov/MARC21/slim" xmlns:xsi="http://www.w3.org/2001/XMLSchema-instance" xsi:schemaLocation="http://www.loc.gov/MARC21/slim http://www.loc.gov/standards/marcxml/schema/MARC21slim.xsd">
<leader>00000cas a2200781 a 4500</leader>
<controlfield tag="FMT">SE</controlfield>
<controlfield tag="LDR">00000cas a2200781 a 4500</controlfield>
<controlfield tag="001">000387477</controlfield>
<controlfield tag="003">OCoLC</controlfield>
<controlfield tag="005">20141209115017.0</controlfield>
<controlfield tag="007">cr |||||||||||</controlfield>
<controlfield tag="008">990609c20009999ne qr p       0    0eng c</controlfield>
<datafield tag="010" ind1=" " ind2=" ">
<subfield code="a">2005236029</subfield>
</datafield>
<datafield tag="022" ind1=" " ind2=" ">
<subfield code="a">1563-0110</subfield>
<subfield code="l">1531-832X</subfield>
<subfield code="2">0</subfield>
</datafield>
<datafield tag="035" ind1=" " ind2=" ">
<subfield code="a">(OCoLC)43925708</subfield>
</datafield>
<datafield tag="035" ind1="9" ind2=" ">
<subfield code="a">NYUb13370707</subfield>
</datafield>
<datafield tag="035" ind1=" " ind2=" ">
<subfield code="a">(NYU)NYUb13370707</subfield>
</datafield>
<datafield tag="037" ind1=" " ind2=" ">
<subfield code="b">Elsevier, Radarweg 29, 1043 NX Amsterdam, The Netherlands</subfield>
</datafield>
<datafield tag="040" ind1=" " ind2=" ">
<subfield code="a">CUY</subfield>
<subfield code="b">eng</subfield>
<subfield code="c">CUY</subfield>
<subfield code="d">UAF</subfield>
<subfield code="d">WAU</subfield>
<subfield code="d">HUL</subfield>
<subfield code="d">DLC</subfield>
<subfield code="d">TOZ</subfield>
<subfield code="d">OCLCQ</subfield>
<subfield code="d">DEBBG</subfield>
<subfield code="d">CUS</subfield>
<subfield code="d">OCLCA</subfield>
<subfield code="d">OCLCQ</subfield>
<subfield code="d">UKMGB</subfield>
<subfield code="d">ORU</subfield>
<subfield code="d">OCLCQ</subfield>
<subfield code="d">BUF</subfield>
<subfield code="d">OCLCO</subfield>
<subfield code="d">HUL</subfield>
<subfield code="d">OCLCF</subfield>
<subfield code="d">NNU</subfield>
</datafield>
<datafield tag="042" ind1=" " ind2=" ">
<subfield code="a">pcc</subfield>
</datafield>
<datafield tag="043" ind1=" " ind2=" ">
<subfield code="a">me-----</subfield>
</datafield>
<datafield tag="050" ind1="0" ind2="0">
<subfield code="a">DJK24</subfield>
<subfield code="b">.A75</subfield>
</datafield>
<datafield tag="050" ind1="1" ind2="4">
<subfield code="a">GN1</subfield>
<subfield code="b">.A796</subfield>
</datafield>
<datafield tag="130" ind1="0" ind2=" ">
<subfield code="a">Arkheologii&#865;a, &#279;tnografii&#865;a i antropologii&#865;a Evrazii.</subfield>
<subfield code="l">English.</subfield>
</datafield>
<datafield tag="210" ind1="0" ind2=" ">
<subfield code="a">Archaeol. ethnol. anthropol. Eurasia</subfield>
</datafield>
<datafield tag="222" ind1=" " ind2="0">
<subfield code="a">Archaeology, ethnology &amp; anthropology of Eurasia</subfield>
</datafield>
<datafield tag="245" ind1="1" ind2="0">
<subfield code="a">Archaeology, ethnology &amp; anthropology of Eurasia.</subfield>
</datafield>
<datafield tag="246" ind1="3" ind2=" ">
<subfield code="a">Archaeology, ethnology and anthropology of Eurasia</subfield>
</datafield>
<datafield tag="260" ind1=" " ind2=" ">
<subfield code="3">2000-2007:</subfield>
<subfield code="a">Novosibirsk :</subfield>
<subfield code="b">Institute of Archaeology and Ethnography SB RAS Press,</subfield>
<subfield code="c">2000-</subfield>
</datafield>
<datafield tag="260" ind1="3" ind2=" ">
<subfield code="3">2008- :</subfield>
<subfield code="a">Amsterdam, The Netherlands :</subfield>
<subfield code="b">Elsevier</subfield>
</datafield>
<datafield tag="300" ind1=" " ind2=" ">
<subfield code="a">v. :</subfield>
<subfield code="b">ill. ;</subfield>
<subfield code="c">28 cm.</subfield>
</datafield>
<datafield tag="310" ind1=" " ind2=" ">
<subfield code="a">Four no. a year</subfield>
</datafield>
<datafield tag="362" ind1="0" ind2=" ">
<subfield code="a">2000, no. 1-</subfield>
</datafield>
<datafield tag="500" ind1=" " ind2=" ">
<subfield code="a">Title from cover.</subfield>
</datafield>
<datafield tag="515" ind1=" " ind2=" ">
<subfield code="a">Issues for 2000, no. 1-&lt;2008, no. 1&gt; also called 1-&lt;33&gt;; issues for &lt;2010-2013&gt; numbered: v. &lt;38, no. 3 (2010)&gt;-v. &lt;41, no. 2 (2013)&gt;</subfield>
</datafield>
<datafield tag="550" ind1=" " ind2=" ">
<subfield code="a">Issued by: The Siberian Branch of the Russian Academy of Sciences, Institute of Archaeology and Ethnography.</subfield>
</datafield>
<datafield tag="580" ind1=" " ind2=" ">
<subfield code="a">Published also in Russian.</subfield>
</datafield>
<datafield tag="588" ind1=" " ind2=" ">
<subfield code="a">Latest issue consulted: Vol. 41, no. 2 (2013) (surrogate).</subfield>
</datafield>
<datafield tag="651" ind1=" " ind2="0">
<subfield code="a">Eurasia</subfield>
<subfield code="x">Civilization</subfield>
<subfield code="v">Periodicals.</subfield>
</datafield>
<datafield tag="650" ind1=" " ind2="0">
<subfield code="a">Archaeology</subfield>
<subfield code="z">Eurasia</subfield>
<subfield code="v">Periodicals.</subfield>
</datafield>
<datafield tag="650" ind1=" " ind2="0">
<subfield code="a">Ethnology</subfield>
<subfield code="z">Eurasia</subfield>
<subfield code="v">Periodicals.</subfield>
</datafield>
<datafield tag="650" ind1=" " ind2="0">
<subfield code="a">Anthropology</subfield>
<subfield code="z">Eurasia</subfield>
<subfield code="v">Periodicals.</subfield>
</datafield>
<datafield tag="650" ind1=" " ind2="7">
<subfield code="a">Anthropology.</subfield>
<subfield code="2">fast</subfield>
<subfield code="0">(OCoLC)fst00810196</subfield>
</datafield>
<datafield tag="650" ind1=" " ind2="7">
<subfield code="a">Archaeology.</subfield>
<subfield code="2">fast</subfield>
<subfield code="0">(OCoLC)fst00812938</subfield>
</datafield>
<datafield tag="650" ind1=" " ind2="7">
<subfield code="a">Civilization.</subfield>
<subfield code="2">fast</subfield>
<subfield code="0">(OCoLC)fst00862898</subfield>
</datafield>
<datafield tag="650" ind1=" " ind2="7">
<subfield code="a">Ethnology.</subfield>
<subfield code="2">fast</subfield>
<subfield code="0">(OCoLC)fst00916106</subfield>
</datafield>
<datafield tag="651" ind1=" " ind2="7">
<subfield code="a">Eurasia.</subfield>
<subfield code="2">fast</subfield>
<subfield code="0">(OCoLC)fst01245058</subfield>
</datafield>
<datafield tag="655" ind1=" " ind2="7">
<subfield code="a">Periodicals.</subfield>
<subfield code="2">fast</subfield>
<subfield code="0">(OCoLC)fst01411641</subfield>
</datafield>
<datafield tag="710" ind1="2" ind2=" ">
<subfield code="a">Institut arkheologii i &#279;tnografii (Rossi&#301;skai&#865;a akademii&#865;a nauk. Sibirskoe otdelenie)</subfield>
</datafield>
<datafield tag="775" ind1="1" ind2=" ">
<subfield code="t">Arkheologii&#865;a, &#279;tnografii&#865;a i antropologii&#865;a Evrazii</subfield>
<subfield code="x">1563-0102</subfield>
<subfield code="w">(DLC) 2002253008</subfield>
<subfield code="w">(OCoLC)50946534</subfield>
</datafield>
<datafield tag="776" ind1="1" ind2="8">
<subfield code="i">Online version:</subfield>
<subfield code="t">Arkheologii&#865;a, &#279;tnografii&#865;a i antropologii&#865;a Evrazii. English (Online)</subfield>
<subfield code="x">1531-832X</subfield>
<subfield code="w">(DLC) 2012250795</subfield>
<subfield code="w">(OCoLC)77079192</subfield>
</datafield>
<datafield tag="797" ind1="2" ind2=" ">
<subfield code="a">Research Institute for the Study of Man,</subfield>
<subfield code="e">former owner.</subfield>
</datafield>
<datafield tag="994" ind1=" " ind2=" ">
<subfield code="a">Z0</subfield>
<subfield code="b">ZYU</subfield>
</datafield>
<datafield tag="OWN" ind1=" " ind2=" ">
<subfield code="a">GENERAL</subfield>
</datafield>
<datafield tag="966" ind1="4" ind2="1">
<subfield code="l">Bobst</subfield>
<subfield code="d">GN1 .A796</subfield>
<subfield code="e">0609</subfield>
<subfield code="j">1:1</subfield>
<subfield code="k">2000</subfield>
</datafield>
<datafield tag="AVA" ind1=" " ind2=" ">
<subfield code="a">NYU50</subfield>
<subfield code="b">BOBST</subfield>
<subfield code="c">Main Collection</subfield>
<subfield code="d">GN1 .A796</subfield>
<subfield code="e">available</subfield>
<subfield code="t">Available</subfield>
<subfield code="f">1</subfield>
<subfield code="g">0</subfield>
<subfield code="h">Y</subfield>
<subfield code="i">4</subfield>
<subfield code="j">MAIN</subfield>
<subfield code="k">0</subfield>
</datafield>
<datafield tag="AVA" ind1=" " ind2=" ">
<subfield code="a">NYU50</subfield>
<subfield code="b">NISAW</subfield>
<subfield code="c">Oak Collection</subfield>
<subfield code="d">DJK24 .A75 Non-circulating</subfield>
<subfield code="e">available</subfield>
<subfield code="t">Available</subfield>
<subfield code="f">20</subfield>
<subfield code="g">0</subfield>
<subfield code="h">Y</subfield>
<subfield code="i">0</subfield>
<subfield code="j">OAK</subfield>
<subfield code="k">0</subfield>
</datafield>
</record>