<record xmlns="http://www.loc.gov/MARC21/slim" xmlns:xsi="http://www.w3.org/2001/XMLSchema-instance" xsi:schemaLocation="http://www.loc.gov/MARC21/slim http://www.loc.gov/standards/marcxml/schema/MARC21slim.xsd">
<leader>00000nam a22     Ii 4500</leader>
<controlfield tag="FMT">BK</controlfield>
<controlfield tag="LDR">00000nam a22     Ii 4500</controlfield>
<controlfield tag="001">006252995</controlfield>
<controlfield tag="005">20180719092951.0</controlfield>
<controlfield tag="008">180719s2017    ru a     b    001 0 rus d</controlfield>
<datafield tag="020" ind1=" " ind2=" ">
<subfield code="a">9785997344429</subfield>
</datafield>
<datafield tag="020" ind1=" " ind2=" ">
<subfield code="a">5997344428</subfield>
</datafield>
<datafield tag="035" ind1=" " ind2=" ">
<subfield code="a">(OCoLC)1044768525</subfield>
</datafield>
<datafield tag="040" ind1=" " ind2=" ">
<subfield code="a">ZYU</subfield>
<subfield code="b">eng</subfield>
<subfield code="e">rda</subfield>
<subfield code="c">ZYU</subfield>
</datafield>
<datafield tag="050" ind1=" " ind2="4">
<subfield code="a">DJK64</subfield>
<subfield code="b">.E54 2017</subfield>
</datafield>
<datafield tag="100" ind1="1" ind2=" ">
<subfield code="6">880-01</subfield>
<subfield code="a">Emet&#65056;s&#65057;, I. A.</subfield>
<subfield code="q">(Igor&#697; Anatol&#697;evich),</subfield>
<subfield code="e">author.</subfield>
</datafield>
<datafield tag="245" ind1="1" ind2="0">
<subfield code="6">880-02</subfield>
<subfield code="a">Soderzhimoe drevnegrecheskoi&#774; keramicheskoi&#774; tary po dannym graffiti i dipinti (po materialam Severnogo Prichernomor&#697;i&#65056;a&#65057;) :</subfield>
<subfield code="b">Monografii&#65056;a&#65057; /</subfield>
<subfield code="c">I.A. Emet&#65056;s&#65057;.</subfield>
</datafield>
<datafield tag="264" ind1=" " ind2="1">
<subfield code="6">880-03</subfield>
<subfield code="a">Moskva :</subfield>
<subfield code="b">Sputnik+,</subfield>
<subfield code="c">2017.</subfield>
</datafield>
<datafield tag="300" ind1=" " ind2=" ">
<subfield code="a">255 pages :</subfield>
<subfield code="b">illustrations ;</subfield>
<subfield code="c">21 cm</subfield>
</datafield>
<datafield tag="336" ind1=" " ind2=" ">
<subfield code="a">text</subfield>
<subfield code="b">txt</subfield>
<subfield code="2">rdacontent</subfield>
</datafield>
<datafield tag="337" ind1=" " ind2=" ">
<subfield code="a">unmediated</subfield>
<subfield code="b">n</subfield>
<subfield code="2">rdamedia</subfield>
</datafield>
<datafield tag="338" ind1=" " ind2=" ">
<subfield code="a">volume</subfield>
<subfield code="b">nc</subfield>
<subfield code="2">rdacarrier</subfield>
</datafield>
<datafield tag="500" ind1=" " ind2=" ">
<subfield code="6">880-04</subfield>
<subfield code="a">At head of title: Rossii&#774;skoe arkheologicheskoe obshchestvo.</subfield>
</datafield>
<datafield tag="504" ind1=" " ind2=" ">
<subfield code="a">Includes bibliographical references and index.</subfield>
</datafield>
<datafield tag="651" ind1=" " ind2="0">
<subfield code="a">Black Sea Lowland (Ukraine)</subfield>
<subfield code="x">Inscriptions.</subfield>
</datafield>
<datafield tag="651" ind1=" " ind2="0">
<subfield code="a">Black Sea Lowland (Ukraine)</subfield>
<subfield code="x">Antiquities.</subfield>
</datafield>
<datafield tag="650" ind1=" " ind2="0">
<subfield code="a">Inscriptions</subfield>
<subfield code="z">Ukraine</subfield>
<subfield code="z">Black Sea Lowland.</subfield>
</datafield>
<datafield tag="650" ind1=" " ind2="0">
<subfield code="a">Extinct cities</subfield>
<subfield code="z">Ukraine.</subfield>
</datafield>
<datafield tag="650" ind1=" " ind2="0">
<subfield code="a">Excavations (Archaeology)</subfield>
<subfield code="z">Ukraine.</subfield>
</datafield>
<datafield tag="880" ind1="1" ind2=" ">
<subfield code="6">100-01/</subfield>
<subfield code="a">&#1045;&#1084;&#1077;&#1094;, &#1048;. &#1040;.</subfield>
<subfield code="q">(&#1048;&#1075;&#1086;&#1088;&#1100; &#1040;&#1085;&#1072;&#1090;&#1086;&#1083;&#1100;&#1077;&#1074;&#1080;&#1095;),</subfield>
<subfield code="e">&#1072;uthor.</subfield>
</datafield>
<datafield tag="880" ind1="1" ind2="0">
<subfield code="6">245-02/</subfield>
<subfield code="a">&#1057;&#1086;&#1076;&#1077;&#1088;&#1078;&#1080;&#1084;&#1086;&#1077; &#1076;&#1088;&#1077;&#1074;&#1085;&#1077;&#1075;&#1088;&#1077;&#1095;&#1077;&#1089;&#1082;&#1086;&#1081; &#1082;&#1077;&#1088;&#1072;&#1084;&#1080;&#1095;&#1077;&#1089;&#1082;&#1086;&#1081; &#1090;&#1072;&#1088;&#1099; &#1087;&#1086; &#1076;&#1072;&#1085;&#1085;&#1099;&#1084; &#1075;&#1088;&#1072;&#1092;&#1092;&#1080;&#1090;&#1080; &#1080; &#1076;&#1080;&#1087;&#1080;&#1085;&#1090;&#1080; (&#1087;&#1086; &#1084;&#1072;&#1090;&#1077;&#1088;&#1080;&#1072;&#1083;&#1072;&#1084; &#1057;&#1077;&#1074;&#1077;&#1088;&#1085;&#1086;&#1075;&#1086; &#1055;&#1088;&#1080;&#1095;&#1077;&#1088;&#1085;&#1086;&#1084;&#1086;&#1088;&#1100;&#1103;) :</subfield>
<subfield code="b">&#1052;&#1086;&#1085;&#1086;&#1075;&#1088;&#1072;&#1092;&#1080;&#1103; /</subfield>
<subfield code="c">&#1048;.&#1040;. &#1045;&#1084;&#1077;&#1094;.</subfield>
</datafield>
<datafield tag="880" ind1=" " ind2="1">
<subfield code="6">264-03/</subfield>
<subfield code="a">&#1052;&#1086;&#1089;&#1082;&#1074;&#1072; :</subfield>
<subfield code="b">&#1057;&#1087;&#1091;&#1090;&#1085;&#1080;&#1082;+,</subfield>
<subfield code="c">2017.</subfield>
</datafield>
<datafield tag="880" ind1=" " ind2=" ">
<subfield code="6">500-04/</subfield>
<subfield code="a">&#1040;t head of title: &#1056;&#1086;&#1089;&#1089;&#1080;&#1081;&#1089;&#1082;&#1086;&#1077; &#1072;&#1088;&#1093;&#1077;&#1086;&#1083;&#1086;&#1075;&#1080;&#1095;&#1077;&#1089;&#1082;&#1086;&#1077; &#1086;&#1073;&#1097;&#1077;&#1089;&#1090;&#1074;&#1086;.</subfield>
</datafield>
<datafield tag="OWN" ind1=" " ind2=" ">
<subfield code="a">GENERAL</subfield>
</datafield>
<datafield tag="AVA" ind1=" " ind2=" ">
<subfield code="a">NYU50</subfield>
<subfield code="b">NISAW</subfield>
<subfield code="c">Small Collection</subfield>
<subfield code="d">DJK64 .E54 2017 Non-circulating</subfield>
<subfield code="e">unavailable</subfield>
<subfield code="t">Unavailable</subfield>
<subfield code="f">1</subfield>
<subfield code="g">1</subfield>
<subfield code="h">N</subfield>
<subfield code="i">0</subfield>
<subfield code="j">SMALL</subfield>
<subfield code="k">0</subfield>
</datafield>
</record>