<record xmlns="http://www.loc.gov/MARC21/slim" xmlns:xsi="http://www.w3.org/2001/XMLSchema-instance" xsi:schemaLocation="http://www.loc.gov/MARC21/slim http://www.loc.gov/standards/marcxml/schema/MARC21slim.xsd">
<leader>00000cam a22     4a 4500</leader>
<controlfield tag="FMT">BK</controlfield>
<controlfield tag="LDR">00000cam a22     4a 4500</controlfield>
<controlfield tag="001">006254985</controlfield>
<controlfield tag="005">20180725144117.0</controlfield>
<controlfield tag="008">180725s2007    fr ab    b    001 0 fre c</controlfield>
<datafield tag="016" ind1="7" ind2=" ">
<subfield code="a">014017021</subfield>
<subfield code="2">Uk</subfield>
</datafield>
<datafield tag="020" ind1=" " ind2=" ">
<subfield code="a">9782910023843</subfield>
</datafield>
<datafield tag="020" ind1=" " ind2=" ">
<subfield code="a">2910023842</subfield>
</datafield>
<datafield tag="035" ind1=" " ind2=" ">
<subfield code="a">(OCoLC)173263880</subfield>
<subfield code="z">(OCoLC)1006186044</subfield>
</datafield>
<datafield tag="040" ind1=" " ind2=" ">
<subfield code="a">TZT</subfield>
<subfield code="b">eng</subfield>
<subfield code="c">TZT</subfield>
<subfield code="d">AUXAM</subfield>
<subfield code="d">STF</subfield>
<subfield code="d">NLGGC</subfield>
<subfield code="d">OCLCQ</subfield>
<subfield code="d">HEBIS</subfield>
<subfield code="d">UKMGB</subfield>
<subfield code="d">OCLCQ</subfield>
<subfield code="d">OCLCF</subfield>
<subfield code="d">OCLCQ</subfield>
<subfield code="d">OSU</subfield>
<subfield code="d">OCL</subfield>
<subfield code="d">PAU</subfield>
<subfield code="d">DHA</subfield>
<subfield code="d">UEJ</subfield>
<subfield code="d">OCLCQ</subfield>
<subfield code="d">NNU</subfield>
</datafield>
<datafield tag="041" ind1="0" ind2=" ">
<subfield code="a">fre</subfield>
<subfield code="a">eng</subfield>
<subfield code="a">ger</subfield>
</datafield>
<datafield tag="042" ind1=" " ind2=" ">
<subfield code="a">pcc</subfield>
</datafield>
<datafield tag="043" ind1=" " ind2=" ">
<subfield code="a">mb-----</subfield>
</datafield>
<datafield tag="050" ind1=" " ind2="4">
<subfield code="a">DJK64</subfield>
<subfield code="b">.K65 2007</subfield>
</datafield>
<datafield tag="072" ind1=" " ind2="7">
<subfield code="a">CN</subfield>
<subfield code="2">lcco</subfield>
</datafield>
<datafield tag="082" ind1="1" ind2="4">
<subfield code="a">920</subfield>
<subfield code="2">1</subfield>
</datafield>
<datafield tag="084" ind1=" " ind2=" ">
<subfield code="a">15.40</subfield>
<subfield code="2">bcl</subfield>
</datafield>
<datafield tag="245" ind1="0" ind2="4">
<subfield code="a">Une koin&#232; pontique :</subfield>
<subfield code="b">cit&#233;s grecques, soci&#233;t&#233;s indig&#232;nes et empires mondiaux sur le littoral nord de la mer Noire (VIIe s. a.C.-IIIe s. p.C.) /</subfield>
<subfield code="c">textes r&#233;unis par Alain Bresson, Askold Ivantchik et Jean-Louis Ferrary.</subfield>
</datafield>
<datafield tag="260" ind1=" " ind2=" ">
<subfield code="a">Bourdeaux :</subfield>
<subfield code="b">Ausonius &#233;ditions,</subfield>
<subfield code="c">2007.</subfield>
</datafield>
<datafield tag="300" ind1=" " ind2=" ">
<subfield code="a">377 pages :</subfield>
<subfield code="b">illustrations (some color), maps ;</subfield>
<subfield code="c">29 cm.</subfield>
</datafield>
<datafield tag="336" ind1=" " ind2=" ">
<subfield code="a">text</subfield>
<subfield code="b">txt</subfield>
<subfield code="2">rdacontent</subfield>
</datafield>
<datafield tag="337" ind1=" " ind2=" ">
<subfield code="a">unmediated</subfield>
<subfield code="b">n</subfield>
<subfield code="2">rdamedia</subfield>
</datafield>
<datafield tag="338" ind1=" " ind2=" ">
<subfield code="a">volume</subfield>
<subfield code="b">nc</subfield>
<subfield code="2">rdacarrier</subfield>
</datafield>
<datafield tag="490" ind1="1" ind2=" ">
<subfield code="a">M&#233;moires,</subfield>
<subfield code="x">1283-2995 ;</subfield>
<subfield code="v">18</subfield>
</datafield>
<datafield tag="546" ind1=" " ind2=" ">
<subfield code="a">Contributions in French, English or German.</subfield>
</datafield>
<datafield tag="504" ind1=" " ind2=" ">
<subfield code="a">Includes bibliographical references (pages 349-351) and indexes.</subfield>
</datafield>
<datafield tag="651" ind1=" " ind2="0">
<subfield code="a">Black Sea</subfield>
<subfield code="x">Antiquities.</subfield>
</datafield>
<datafield tag="650" ind1=" " ind2="0">
<subfield code="a">Inscriptions, Greek</subfield>
<subfield code="z">Black Sea.</subfield>
</datafield>
<datafield tag="650" ind1=" " ind2="0">
<subfield code="a">Greek language, Hellenistic (300 B.C.-600 A.D.)</subfield>
<subfield code="z">Black Sea.</subfield>
</datafield>
<datafield tag="650" ind1=" " ind2="0">
<subfield code="a">Excavations (Archaeology)</subfield>
<subfield code="z">Black Sea.</subfield>
</datafield>
<datafield tag="650" ind1=" " ind2="7">
<subfield code="a">Antiquities.</subfield>
<subfield code="2">fast</subfield>
<subfield code="0">(OCoLC)fst00810745</subfield>
</datafield>
<datafield tag="650" ind1=" " ind2="7">
<subfield code="a">Greek language, Hellenistic (300 B.C.-600 A.D.)</subfield>
<subfield code="2">fast</subfield>
<subfield code="0">(OCoLC)fst00947344</subfield>
</datafield>
<datafield tag="650" ind1=" " ind2="7">
<subfield code="a">Inscriptions, Greek.</subfield>
<subfield code="2">fast</subfield>
<subfield code="0">(OCoLC)fst00973878</subfield>
</datafield>
<datafield tag="651" ind1=" " ind2="7">
<subfield code="a">Black Sea.</subfield>
<subfield code="2">fast</subfield>
<subfield code="0">(OCoLC)fst01242937</subfield>
</datafield>
<datafield tag="650" ind1="0" ind2="7">
<subfield code="a">Barbar.</subfield>
<subfield code="2">swd</subfield>
</datafield>
<datafield tag="650" ind1="0" ind2="7">
<subfield code="a">Polis.</subfield>
<subfield code="2">swd</subfield>
</datafield>
<datafield tag="651" ind1=" " ind2="7">
<subfield code="a">Schwarzmeerk&#252;ste &lt;Nord&gt;</subfield>
<subfield code="2">swd</subfield>
</datafield>
<datafield tag="653" ind1=" " ind2=" ">
<subfield code="a">Classical Greek epigraphy</subfield>
<subfield code="a">Numismatics</subfield>
</datafield>
<datafield tag="700" ind1="1" ind2=" ">
<subfield code="a">Bresson, Alain.</subfield>
</datafield>
<datafield tag="700" ind1="1" ind2=" ">
<subfield code="a">Ivanchik, A. I.</subfield>
<subfield code="q">(Askol&#697;d Igorevich),</subfield>
<subfield code="d">1965-</subfield>
</datafield>
<datafield tag="700" ind1="1" ind2=" ">
<subfield code="a">Ferrary, Jean-Louis.</subfield>
</datafield>
<datafield tag="830" ind1=" " ind2="0">
<subfield code="a">M&#233;moires (Ausonius (Institute)) ;</subfield>
<subfield code="v">18.</subfield>
<subfield code="x">1283-2995</subfield>
</datafield>
<datafield tag="856" ind1="4" ind2="2">
<subfield code="3">The George Clapp Vaillant Book Fund Home Page</subfield>
<subfield code="u">http://hdl.library.upenn.edu/1017.12/366287</subfield>
</datafield>
<datafield tag="OWN" ind1=" " ind2=" ">
<subfield code="a">GENERAL</subfield>
</datafield>
<datafield tag="AVA" ind1=" " ind2=" ">
<subfield code="a">NYU50</subfield>
<subfield code="b">NISAW</subfield>
<subfield code="c">Large Collection</subfield>
<subfield code="d">DJK64 .K65 2007 Non-circulating</subfield>
<subfield code="e">unavailable</subfield>
<subfield code="t">Unavailable</subfield>
<subfield code="f">1</subfield>
<subfield code="g">1</subfield>
<subfield code="h">N</subfield>
<subfield code="i">0</subfield>
<subfield code="j">LARGE</subfield>
<subfield code="k">0</subfield>
</datafield>
</record>