<record xmlns="http://www.loc.gov/MARC21/slim" xmlns:xsi="http://www.w3.org/2001/XMLSchema-instance" xsi:schemaLocation="http://www.loc.gov/MARC21/slim http://www.loc.gov/standards/marcxml/schema/MARC21slim.xsd">
<leader>00000cas a2200793 a 4500</leader>
<controlfield tag="FMT">SE</controlfield>
<controlfield tag="LDR">00000cas a2200793 a 4500</controlfield>
<controlfield tag="001">002166150</controlfield>
<controlfield tag="003">OCoLC</controlfield>
<controlfield tag="005">20151012153917.0</controlfield>
<controlfield tag="008">920926c19929999ru qx p       0    0rusoc</controlfield>
<datafield tag="010" ind1=" " ind2=" ">
<subfield code="a">93645839</subfield>
<subfield code="z">sn 92020647</subfield>
</datafield>
<datafield tag="016" ind1="7" ind2=" ">
<subfield code="a">009174197</subfield>
<subfield code="2">Uk</subfield>
</datafield>
<datafield tag="022" ind1=" " ind2=" ">
<subfield code="a">0869-6063</subfield>
<subfield code="l">0869-6063</subfield>
<subfield code="y">0038-5034</subfield>
</datafield>
<datafield tag="035" ind1=" " ind2=" ">
<subfield code="a">(OCoLC)26671888</subfield>
<subfield code="z">(OCoLC)750830936</subfield>
</datafield>
<datafield tag="035" ind1=" " ind2=" ">
<subfield code="a">(DCLC)93645839-S</subfield>
</datafield>
<datafield tag="035" ind1=" " ind2=" ">
<subfield code="a">(NYUb)11187801</subfield>
</datafield>
<datafield tag="040" ind1=" " ind2=" ">
<subfield code="a">KKU</subfield>
<subfield code="b">eng</subfield>
<subfield code="c">KKU</subfield>
<subfield code="d">CRL</subfield>
<subfield code="d">WAU</subfield>
<subfield code="d">NST</subfield>
<subfield code="d">DLC</subfield>
<subfield code="d">HUL</subfield>
<subfield code="d">IUL</subfield>
<subfield code="d">GUA</subfield>
<subfield code="d">SYS</subfield>
<subfield code="d">OCLCQ</subfield>
<subfield code="d">ZCU</subfield>
<subfield code="d">NLGGC</subfield>
<subfield code="d">IUL</subfield>
<subfield code="d">OCLCQ</subfield>
<subfield code="d">UKMGB</subfield>
<subfield code="d">OCLCQ</subfield>
<subfield code="d">OCLCF</subfield>
<subfield code="d">NNU</subfield>
</datafield>
<datafield tag="041" ind1="0" ind2=" ">
<subfield code="a">rus</subfield>
<subfield code="b">eng</subfield>
<subfield code="f">eng</subfield>
</datafield>
<datafield tag="042" ind1=" " ind2=" ">
<subfield code="a">pcc</subfield>
</datafield>
<datafield tag="043" ind1=" " ind2=" ">
<subfield code="a">e-ru---</subfield>
</datafield>
<datafield tag="050" ind1="0" ind2="0">
<subfield code="a">DK30</subfield>
<subfield code="b">.A1733</subfield>
</datafield>
<datafield tag="066" ind1=" " ind2=" ">
<subfield code="c">(N</subfield>
</datafield>
<datafield tag="079" ind1=" " ind2=" ">
<subfield code="a">(OCoLC)26671888</subfield>
</datafield>
<datafield tag="245" ind1="0" ind2="0">
<subfield code="6">880-01</subfield>
<subfield code="a">Rossi&#301;skai&#865;a arkheologii&#865;a.</subfield>
</datafield>
<datafield tag="246" ind1="1" ind2="3">
<subfield code="a">Rossiyskaya arkheologiya</subfield>
</datafield>
<datafield tag="260" ind1=" " ind2=" ">
<subfield code="6">880-02</subfield>
<subfield code="a">Moskva :</subfield>
<subfield code="b">Izd-vo "Nauka",</subfield>
<subfield code="c">1992-</subfield>
</datafield>
<datafield tag="300" ind1=" " ind2=" ">
<subfield code="a">v. :</subfield>
<subfield code="b">ill. ;</subfield>
<subfield code="c">24 cm.</subfield>
</datafield>
<datafield tag="310" ind1=" " ind2=" ">
<subfield code="a">Four no. a year</subfield>
</datafield>
<datafield tag="362" ind1="0" ind2=" ">
<subfield code="a">1992, 2-</subfield>
</datafield>
<datafield tag="500" ind1=" " ind2=" ">
<subfield code="a">Title from cover.</subfield>
</datafield>
<datafield tag="530" ind1=" " ind2=" ">
<subfield code="a">Also issued online.</subfield>
</datafield>
<datafield tag="546" ind1=" " ind2=" ">
<subfield code="a">In Russian; summaries and table of contents also in English.</subfield>
</datafield>
<datafield tag="550" ind1=" " ind2=" ">
<subfield code="6">880-03</subfield>
<subfield code="a">Issued by: Institut arkheologii, Rossi&#301;skai&#865;a akademii&#865;a nauk.</subfield>
</datafield>
<datafield tag="588" ind1=" " ind2=" ">
<subfield code="a">Latest issue consulted: 2004, No 4.</subfield>
</datafield>
<datafield tag="651" ind1=" " ind2="0">
<subfield code="a">Russia (Federation)</subfield>
<subfield code="x">Antiquities</subfield>
<subfield code="v">Periodicals.</subfield>
</datafield>
<datafield tag="650" ind1=" " ind2="0">
<subfield code="a">Archaeology</subfield>
<subfield code="v">Periodicals.</subfield>
</datafield>
<datafield tag="650" ind1="1" ind2="7">
<subfield code="a">Archeologie.</subfield>
<subfield code="2">gtt</subfield>
</datafield>
<datafield tag="650" ind1=" " ind2="7">
<subfield code="a">Antiquities.</subfield>
<subfield code="2">fast</subfield>
<subfield code="0">(OCoLC)fst00810745</subfield>
</datafield>
<datafield tag="650" ind1=" " ind2="7">
<subfield code="a">Archaeology.</subfield>
<subfield code="2">fast</subfield>
<subfield code="0">(OCoLC)fst00812938</subfield>
</datafield>
<datafield tag="651" ind1=" " ind2="7">
<subfield code="a">Russia (Federation)</subfield>
<subfield code="2">fast</subfield>
<subfield code="0">(OCoLC)fst01262050</subfield>
</datafield>
<datafield tag="655" ind1=" " ind2="7">
<subfield code="a">Periodicals.</subfield>
<subfield code="2">fast</subfield>
<subfield code="0">(OCoLC)fst01411641</subfield>
</datafield>
<datafield tag="710" ind1="2" ind2=" ">
<subfield code="6">880-04</subfield>
<subfield code="a">Institut arkheologii (Rossi&#301;skai&#865;a akademii&#865;a nauk)</subfield>
</datafield>
<datafield tag="776" ind1="1" ind2=" ">
<subfield code="6">880-05</subfield>
<subfield code="t">Rossi&#301;skai&#865;a arkheologii&#865;a (Online)</subfield>
<subfield code="w">(DLC) 2004255538</subfield>
<subfield code="w">(OCoLC)57144458</subfield>
</datafield>
<datafield tag="776" ind1="1" ind2="8">
<subfield code="i">Online version:</subfield>
<subfield code="t">Rossi&#301;skai&#865;a arkheologii&#865;a</subfield>
<subfield code="w">(OCoLC)57144458</subfield>
</datafield>
<datafield tag="780" ind1="0" ind2="0">
<subfield code="6">880-06</subfield>
<subfield code="t">Sovetskai&#865;a arkheologii&#865;a (Moscow, Russia : 1957)</subfield>
<subfield code="x">0038-5034</subfield>
<subfield code="w">(DLC) 58044623</subfield>
<subfield code="w">(OCoLC)1586019</subfield>
</datafield>
<datafield tag="880" ind1="0" ind2="0">
<subfield code="6">245-01/</subfield>
<subfield code="a">&#1056;&#1086;&#1089;&#1089;&#1080;&#1081;&#1089;&#1082;&#1072;&#1103; &#1072;&#1088;&#1093;&#1077;&#1086;&#1083;&#1086;&#1075;&#1080;&#1103;.</subfield>
</datafield>
<datafield tag="880" ind1=" " ind2=" ">
<subfield code="6">260-02/</subfield>
<subfield code="a">&#1052;&#1086;&#1089;&#1082;&#1074;&#1072; :</subfield>
<subfield code="b">&#1048;&#1079;&#1076;-&#1074;&#1086; "&#1053;&#1072;&#1091;&#1082;&#1072;",</subfield>
<subfield code="c">1992-</subfield>
</datafield>
<datafield tag="880" ind1=" " ind2=" ">
<subfield code="6">550-03/</subfield>
<subfield code="a">Issued by: &#1048;&#1085;&#1089;&#1090;&#1080;&#1090;&#1091;&#1090; &#1072;&#1088;&#1093;&#1077;&#1086;&#1083;&#1086;&#1075;&#1080;&#1080;, &#1056;&#1086;&#1089;&#1089;&#1080;&#1081;&#1089;&#1082;&#1072;&#1103; &#1072;&#1082;&#1072;&#1076;&#1077;&#1084;&#1080;&#1103; &#1085;&#1072;&#1091;&#1082;.</subfield>
</datafield>
<datafield tag="880" ind1="2" ind2=" ">
<subfield code="6">710-04/</subfield>
<subfield code="a">&#1048;&#1085;&#1089;&#1090;&#1080;&#1090;&#1091;&#1090; &#1072;&#1088;&#1093;&#1077;&#1086;&#1083;&#1086;&#1075;&#1080;&#1080; (Rossi&#301;skai&#865;a akademii&#865;a nauk)</subfield>
</datafield>
<datafield tag="880" ind1="1" ind2=" ">
<subfield code="6">776-05/</subfield>
<subfield code="t">&#1056;&#1086;&#1089;&#1089;&#1080;&#1081;&#1089;&#1082;&#1072;&#1103; &#1072;&#1088;&#1093;&#1077;&#1086;&#1083;&#1086;&#1075;&#1080;&#1103; (Online)</subfield>
<subfield code="w">(DLC) 2004255538</subfield>
<subfield code="w">(OCoLC)57144458</subfield>
</datafield>
<datafield tag="880" ind1="0" ind2="0">
<subfield code="6">780-06/</subfield>
<subfield code="t">&#1057;&#1086;&#1074;&#1077;&#1090;&#1089;&#1082;&#1072;&#1103; &#1072;&#1088;&#1093;&#1077;&#1086;&#1083;&#1086;&#1075;&#1080;&#1103; (Moscow, Russia : 1957)</subfield>
<subfield code="x">0038-5034</subfield>
<subfield code="w">(DLC) 58044623</subfield>
<subfield code="w">(OCoLC)1586019</subfield>
</datafield>
<datafield tag="OWN" ind1=" " ind2=" ">
<subfield code="a">GENERAL</subfield>
</datafield>
<datafield tag="966" ind1="4" ind2="1">
<subfield code="l">IFA</subfield>
<subfield code="d">Offsite</subfield>
<subfield code="e">0102</subfield>
<subfield code="k">1992:2-1996</subfield>
</datafield>
<datafield tag="966" ind1="4" ind2="1">
<subfield code="l">IFA</subfield>
<subfield code="d">Periodicals</subfield>
<subfield code="e">0102</subfield>
<subfield code="i">1997-</subfield>
</datafield>
<datafield tag="AVA" ind1=" " ind2=" ">
<subfield code="a">NYU50</subfield>
<subfield code="b">NIFA</subfield>
<subfield code="c">Periodicals</subfield>
<subfield code="d">Non-circulating</subfield>
<subfield code="e">check_holdings</subfield>
<subfield code="t">Check Holdings</subfield>
<subfield code="h">Y</subfield>
<subfield code="j">PERIO</subfield>
</datafield>
<datafield tag="AVA" ind1=" " ind2=" ">
<subfield code="a">NYU50</subfield>
<subfield code="b">NISAW</subfield>
<subfield code="c">Oak Collection</subfield>
<subfield code="d">DK30 .A1733</subfield>
<subfield code="e">check_holdings</subfield>
<subfield code="t">Check Holdings</subfield>
<subfield code="h">Y</subfield>
<subfield code="j">OAK</subfield>
<subfield code="k">0</subfield>
</datafield>
</record>