<record xmlns="http://www.loc.gov/MARC21/slim" xmlns:xsi="http://www.w3.org/2001/XMLSchema-instance" xsi:schemaLocation="http://www.loc.gov/MARC21/slim http://www.loc.gov/standards/marcxml/schema/MARC21slim.xsd">
<leader>00000cam a2200301 a 4500</leader>
<controlfield tag="FMT">BK</controlfield>
<controlfield tag="LDR">00000cam a2200301 a 4500</controlfield>
<controlfield tag="001">003592999</controlfield>
<controlfield tag="003">OCoLC</controlfield>
<controlfield tag="005">20180723102657.0</controlfield>
<controlfield tag="008">120314m20029999ru abce  b    110 0 rusod</controlfield>
<datafield tag="020" ind1=" " ind2=" ">
<subfield code="a">5935720671</subfield>
</datafield>
<datafield tag="020" ind1=" " ind2=" ">
<subfield code="a">9785935720674</subfield>
</datafield>
<datafield tag="035" ind1=" " ind2=" ">
<subfield code="a">(OCoLC)52318147</subfield>
</datafield>
<datafield tag="040" ind1=" " ind2=" ">
<subfield code="a">COO</subfield>
<subfield code="c">COO</subfield>
<subfield code="d">OCLCQ</subfield>
<subfield code="d">NNU</subfield>
</datafield>
<datafield tag="041" ind1="0" ind2=" ">
<subfield code="a">rus</subfield>
<subfield code="a">eng</subfield>
<subfield code="f">eng</subfield>
</datafield>
<datafield tag="043" ind1=" " ind2=" ">
<subfield code="a">me-----</subfield>
</datafield>
<datafield tag="050" ind1=" " ind2="4">
<subfield code="a">DK30</subfield>
<subfield code="b">.S75 2002</subfield>
</datafield>
<datafield tag="079" ind1=" " ind2=" ">
<subfield code="a">(OCoLC)52318147</subfield>
</datafield>
<datafield tag="245" ind1="0" ind2="0">
<subfield code="6">880-01</subfield>
<subfield code="a">Stepi Evrazii v drevnosti i Srednevekov&#697;e :</subfield>
<subfield code="b">materialy Mezhdunarodnoi&#774; nauchnoi&#774; konferent&#65056;s&#65057;ii, posvi&#65056;a&#65057;shchennoi&#774; 100-letii&#65056;u&#65057; so dni&#65056;a&#65057; rozhdenii&#65056;a&#65057; M.P. Gri&#65056;a&#65057;znova /</subfield>
<subfield code="c">[otvet. redak. I&#65056;U&#65057;.I&#65056;U&#65057;. Piotrovskii&#774;].</subfield>
</datafield>
<datafield tag="246" ind1="1" ind2="5">
<subfield code="a">Steppe of Eurasia in ancient times and Middle Ages :</subfield>
<subfield code="b">proceedings of international conference to the centenary of Mikhail P. Gryaznov</subfield>
</datafield>
<datafield tag="260" ind1=" " ind2=" ">
<subfield code="6">880-02</subfield>
<subfield code="a">Sankt-Peterburg :</subfield>
<subfield code="b">E&#775;rmitazh,</subfield>
<subfield code="c">2002-</subfield>
</datafield>
<datafield tag="260" ind1=" " ind2=" ">
<subfield code="a">Sankt-Peterburg :</subfield>
<subfield code="b">&#278;rmitazh,</subfield>
<subfield code="c">2002-</subfield>
</datafield>
<datafield tag="300" ind1=" " ind2=" ">
<subfield code="a">volumes :</subfield>
<subfield code="b">illustrations, maps, plans, ports. ;</subfield>
<subfield code="c">26 cm.</subfield>
</datafield>
<datafield tag="500" ind1=" " ind2=" ">
<subfield code="a">ISAW copy of v.1 &amp; 2 are from the library of Aleksandr Leskov.</subfield>
<subfield code="5">NyNyUAW</subfield>
</datafield>
<datafield tag="546" ind1=" " ind2=" ">
<subfield code="a">Table of contents also in English; last three contributions in v. 1 in English; seven contributions in v. 2 in English.</subfield>
</datafield>
<datafield tag="500" ind1=" " ind2=" ">
<subfield code="a">At head of title: Gosudarstvenny&#301; &#278;rmitazh; Rossi&#301;skai&#865;a akademii&#865;a nauk, Institut istorii material&#697;no&#301; kul&#697;tury = The State Hermitage Museum; Russian Academy of Sciences, Institute for the History of Material Culture.</subfield>
</datafield>
<datafield tag="504" ind1=" " ind2=" ">
<subfield code="a">Includes bibliographical references.</subfield>
</datafield>
<datafield tag="505" ind1="1" ind2="0">
<subfield code="g">v. 1, pt. 1.</subfield>
<subfield code="t">Mikhail Gryaznov scholarly heritage.</subfield>
<subfield code="t">List of S.A. Teploukhov's published works /</subfield>
<subfield code="r">Gryaznov, M. --</subfield>
<subfield code="t">List of M.P. Gryaznov's published works /</subfield>
<subfield code="r">Vseviov, L. --</subfield>
<subfield code="t">Principal periods of Mikhail P. Gryaznov's life and activity (1902-1984) /</subfield>
<subfield code="r">Pshenitsyna, M. ;</subfield>
<subfield code="r">Bokovenko, N. --</subfield>
<subfield code="t">Personality as echoed in science /</subfield>
<subfield code="r">Stolyar, A. --</subfield>
<subfield code="t">Fund of Mikhail P. Gryaznov in the manuscript archives of the IHMC RAS /</subfield>
<subfield code="r">Vasilieva, R. --</subfield>
<subfield code="t">Problems of social and potentate organisation of the earlier nomads as treated in Mikhail P. Gryaznov's works /</subfield>
<subfield code="r">Vasyutin, S. --</subfield>
<subfield code="t">Problem of cultural genesis in the Ob and Irtysh basin : elaboration of archaeological schemes /</subfield>
<subfield code="r">Danchenko, E. --</subfield>
<subfield code="t">Scholarly heritage of Mikhail P. Gryaznov, as presented in the photograph archives of the IHMC RAS /</subfield>
<subfield code="r">Dluzhnevskaya, G. ;</subfield>
<subfield code="r">Lazarevskaya, N. ;</subfield>
<subfield code="r">Medvedeva, M. --</subfield>
<subfield code="t">Problems of prehistoric art as treated in Mikhail P. Gryaznov's works /</subfield>
<subfield code="r">Kidiekova, I. --</subfield>
<subfield code="t">Archaeological researches in Kyrghyzstan in 1928-1930 /</subfield>
<subfield code="r">Kol'chenko, V. --</subfield>
<subfield code="t">Traceological observations made by M.P. Gryaznov and progressive method of microanalysis applied to stone implements of the later epochs /</subfield>
<subfield code="r">Korobkova, G. --</subfield>
<subfield code="t">M.P. Gryaznov's part in the studies of the Andronovo culture /</subfield>
<subfield code="r">Kuz'mina, E. --</subfield>
<subfield code="t">M.P. Gryaznov as an explorer of old Vyatka /</subfield>
<subfield code="r">Makarov, L. --</subfield>
<subfield code="t">Three periods of ancient history of Eurasian Steppe /</subfield>
<subfield code="r">Masson, V. --</subfield>
<subfield code="t">Archaeological investigations in the history of the Ferghana cattle breeding nomads /</subfield>
<subfield code="r">Matbabayev, B. --</subfield>
<subfield code="t">Siberian archaeologists in quest of theoretical and methodological principles (1960-1990) /</subfield>
<subfield code="r">Matyushchenko, V. --</subfield>
<subfield code="t">Aryan "gold horseshoe" in Eurasia /</subfield>
<subfield code="r">Negmatov, N. --</subfield>
<subfield code="t">Minusa antiquities : the problem of date /</subfield>
<subfield code="r">Podol'sky, M. --</subfield>
<subfield code="t">M.P. Gryaznov's part in the studies of herder- and cattle-breeding farming of the Eurasian Steppe and forest-steppe zone in the Bronze Age /</subfield>
<subfield code="r">Pryakhin, A. --</subfield>
<subfield code="t">M.P. Gryaznov as an anthropologist and ethnologist /</subfield>
<subfield code="r">Reshetov, A. --</subfield>
</datafield>
<datafield tag="505" ind1="1" ind2="0">
<subfield code="t">Chronological system of Siberian antiquities as presented in M.P. Gryaznov's works /</subfield>
<subfield code="r">Savinov, D. --</subfield>
<subfield code="t">M.P. Gryaznov's part in the research of archaeology of the earlier nomads /</subfield>
<subfield code="r">Sher, J.A. --</subfield>
<subfield code="t">M.P. Gryaznov's part in chronological ordering of the South Turkmenistan cultures of the Bronze Age /</subfield>
<subfield code="r">Shchetenko, A. --</subfield>
<subfield code="t">M.P. Gryaznov's personal archives --</subfield>
<subfield code="g">v. 1, pt. 2. Archaeology of the Stone and Bronze Ages.</subfield>
<subfield code="t">Acephalic and composed images in European Palaeolithic art /</subfield>
<subfield code="r">Abramova, Z. --</subfield>
<subfield code="t">Buston V, the necropolis of prehistoric Bactria : temple function of its sacral grounds /</subfield>
<subfield code="r">Avanesova, N. --</subfield>
<subfield code="t">Skull-burials in the cave of Offnet in the south of Germany (cultural and chronological attribution and interpretation) /</subfield>
<subfield code="r">Alekshin, V. --</subfield>
<subfield code="t">European metal battleaxes dating back to the Bronze Age /</subfield>
<subfield code="r">Bochkarev, V. --</subfield>
<subfield code="t">Palaeolithic age of Siberia : new facts and concepts /</subfield>
<subfield code="r">Vasiliev, S. --</subfield>
<subfield code="t">Relics of Sintashta and Petrovsky types in the South Urals : the problem of their balance and interpretation /</subfield>
<subfield code="r">Vinogradov, N. --</subfield>
<subfield code="t">Metal knives of the eastern areas of the Kurgan (catacomb) culture historical region /</subfield>
<subfield code="r">Gak, E. --</subfield>
<subfield code="t">Craniological diversity of the South Russian Steppe population in the Early and Middle Bronze Age /</subfield>
<subfield code="r">Gerasimova, M. --</subfield>
<subfield code="t">Bronze Age of the Baikal region : the burial ground of Khudzhir-Nugae XIV (cultural and historical context and funeral ritual) /</subfield>
<subfield code="r">Goryunova, O. --</subfield>
<subfield code="t">"Svae" mountain constructions : a new type of archaeological sources in the Minusa valley /</subfield>
<subfield code="r">Gotlib, A. --</subfield>
<subfield code="t">Malo-Kizyl'skoye rural settlement within the system of the Urals Bronze Age cultures /</subfield>
<subfield code="r">Yepimakhov, A. --</subfield>
<subfield code="t">Semantic problems of anthropomorphic face-images in the Okunevo art /</subfield>
<subfield code="r">Yesin, Ju. --</subfield>
<subfield code="t">"Use life" of pottery and the dynamics of style transforming (notes to the studies in Sintashta problem) /</subfield>
<subfield code="r">Zdanovich, D. ;</subfield>
<subfield code="r">Kupriyanova, E. --</subfield>
<subfield code="t">Newly found Neolithic locations in the subtaiga area of Khakassia /</subfield>
<subfield code="r">Zubkov, V. --</subfield>
</datafield>
<datafield tag="505" ind1="1" ind2="0">
<subfield code="t">Kamennolozhskaya group of barrows in the burial ground of Podsukhanikha II (after the excavations in 2000) /</subfield>
<subfield code="r">Zubkov, V. ;</subfield>
<subfield code="r">Nagler, A. ;</subfield>
<subfield code="r">Keiser, E. --</subfield>
<subfield code="t">Bronze Age fortress in the lower course of the Don /</subfield>
<subfield code="r">Ilyukov, L. --</subfield>
<subfield code="t">Early Bronze Age material obtained by M.P. Gryaznov from Chudatskaya Gora in the headstream of the Ob /</subfield>
<subfield code="r">Kiryushin, Ju. ;</subfield>
<subfield code="r">Tishkin, A. ;</subfield>
<subfield code="r">Grushin, S. --</subfield>
<subfield code="t">Origins and stages of the Kurgan (catacomb) cultural genesis /</subfield>
<subfield code="r">Kiyashko, A. --</subfield>
<subfield code="t">More about the problem of "small flatirons" in Mesolithic-Eneolithic age of Eurasia /</subfield>
<subfield code="r">Kiyashko, V. --</subfield>
<subfield code="t">Origin of similar-shaped bronze blade implements dating from the period of Hsia-Shang Dynasty in ancient China /</subfield>
<subfield code="r">Kovalev, A. --</subfield>
<subfield code="t">Funeral and last rites of the Irmen culture in the territory of Kuznetsk valley /</subfield>
<subfield code="r">Kovalevsky, S. --</subfield>
<subfield code="t">"Great" Maikop barrows in the Republic of North Ossetia-Alania /</subfield>
<subfield code="r">Korenevsky, S. --</subfield>
<subfield code="t">Planigraphy of the Srubnaya burial grounds of the Volga-Urals region /</subfield>
<subfield code="r">Kramarev, A. --</subfield>
<subfield code="t">Afanasievo relics in the south-west of Krasnoyarsk region /</subfield>
<subfield code="r">Krasnienko, S. --</subfield>
<subfield code="t">Valley of Samara in the Bronze Age /</subfield>
<subfield code="r">Kuznetsov, P. ;</subfield>
<subfield code="r">Mochalov, O. --</subfield>
<subfield code="t">Problem of the origin of the Abashevo 1,5 turned temple pendants /</subfield>
<subfield code="r">Kuz'mina, O. --</subfield>
<subfield code="t">Statistic research of the Karasuk burial grounds : architecture, funeral rite, and offerings /</subfield>
<subfield code="r">Legrand, S. --</subfield>
<subfield code="t">Seimino-Turbino tradition in the middle Yenissei basin /</subfield>
<subfield code="r">Leontyev, S. --</subfield>
<subfield code="t">Kurgan (catacomb) trace in the Babino culture /</subfield>
<subfield code="r">Litvinenko, R. --</subfield>
<subfield code="t">More about the most ancient sacred way through Eurasia and mutual connections of the Afanasievo culture and stelae with "three-eyed face-masks" /</subfield>
<subfield code="r">Machinsky, D. --</subfield>
<subfield code="t">Plate fragments as fragments of myths (or the accuracy of copying and interpretation potentialities of the Okunevo art) /</subfield>
<subfield code="r">Miklashevitch, E. --</subfield>
<subfield code="t">Problem of finding out ethnic and cultural membership of the Sintashta relics /</subfield>
<subfield code="r">Mikhailov, Ju. --</subfield>
</datafield>
<datafield tag="505" ind1="1" ind2="0">
<subfield code="t">Muradymov settlement within the system of the Bronze Age relics in the Bashkir region of the Urals /</subfield>
<subfield code="r">Obydenmnova, G. ;</subfield>
<subfield code="r">Shuteleva, I. ;</subfield>
<subfield code="r">Shcherbakov, N. --</subfield>
<subfield code="t">Transformation of the Late Bronze Age cultures during the period of transition to the Early Iron Age in the upper Ob basin /</subfield>
<subfield code="r">Papin, D. --</subfield>
<subfield code="t">Factor of nature in the rock art of the Tom' basin /</subfield>
<subfield code="r">Pokrovskaya, A. --</subfield>
<subfield code="t">Scheme of chronological ordering for the classical stage in the Karasuk culture /</subfield>
<subfield code="r">Polyakov, A. --</subfield>
<subfield code="t">Group of burials in the Saratov region of the Volga basin /</subfield>
<subfield code="r">Potapov, V. --</subfield>
<subfield code="t">Standards for organising the sacral space in Eurasian Steppe cultures of Eneolithic age /</subfield>
<subfield code="r">Potemkina, T. --</subfield>
<subfield code="t">Genesis, chronological ordering, and absolute chronology of the Noua culture /</subfield>
<subfield code="r">Savva, E. --</subfield>
<subfield code="t">Genesis of aboriginal deer-raisers of the north-east Sayan-Altai plateau /</subfield>
<subfield code="r">Semenov, Vlad. --</subfield>
<subfield code="t">Rock-carved images of chariots as archaeological source /</subfield>
<subfield code="r">Slobodzyan, M. --</subfield>
<subfield code="t">Characteristics and typology of the Okunevo pottery complex /</subfield>
<subfield code="r">Sokolova, L. --</subfield>
<subfield code="t">Stone statues from Ilgynly-depe /</subfield>
<subfield code="r">Solovyeva, N. --</subfield>
<subfield code="t">Stylistic features of anthropomorphic small plastics of the forest Eurasia in the Neolithic and Bronze Age /</subfield>
<subfield code="r">Studzitskaya, S. --</subfield>
<subfield code="t">Ancient cultural territories and climate changes in the Caucasus during the Eneolithic-Early Bronze Age /</subfield>
<subfield code="r">Trifonov, V. --</subfield>
<subfield code="t">Stylistic parallels in the Okunevo and Scythian-Siberian art /</subfield>
<subfield code="r">Fursikova, E. --</subfield>
<subfield code="t">Volga-Urals type of vessels found among the relics of Srubnaya culture /</subfield>
<subfield code="r">Sharafutdinova, E. --</subfield>
<subfield code="t">Technology of alabaster vessels making /</subfield>
<subfield code="r">Sharovskaya, T. --</subfield>
<subfield code="t">Textiles of the Bronze Age northern Caucasus : the problem of origin /</subfield>
<subfield code="r">Shishlina, N. ;</subfield>
<subfield code="r">Orphinskaya, O. ;</subfield>
<subfield code="r">Golikov, V. --</subfield>
<subfield code="t">Bronze Age collective burial in south Turkmenistan /</subfield>
<subfield code="r">Shchetenko, A. --</subfield>
<subfield code="t">Results of the investigation of Khereksurs in Mongolia /</subfield>
<subfield code="r">Erdenebaatar, D. --</subfield>
</datafield>
<datafield tag="505" ind1="1" ind2="0">
<subfield code="t">Some remarks on the cultural relations between north-eastern Turkey and the Caucasus-Central Asia during the Late Bronze-Early Iron Age /</subfield>
<subfield code="r">Semih Guneri, A. --</subfield>
<subfield code="t">Semantic use of horses in the Bronze and Early Iron Ages of Eurasia /</subfield>
<subfield code="r">Davis-Kimball, J. --</subfield>
<subfield code="t">Why have Siberian artifacts been excavated inside the ancient dynastic Chinese borders? /</subfield>
<subfield code="r">Linduff, K. M.</subfield>
</datafield>
<datafield tag="600" ind1="1" ind2="0">
<subfield code="6">880-03</subfield>
<subfield code="a">Gri&#65056;a&#65057;znov, M.P.,</subfield>
<subfield code="q">(Mikhail Petrovich),</subfield>
<subfield code="e">honouree.</subfield>
</datafield>
<datafield tag="650" ind1=" " ind2="0">
<subfield code="a">Steppes</subfield>
<subfield code="z">Eurasia</subfield>
<subfield code="v">Congresses.</subfield>
</datafield>
<datafield tag="651" ind1=" " ind2="0">
<subfield code="a">Eurasia</subfield>
<subfield code="x">Antiquities</subfield>
<subfield code="v">Congresses.</subfield>
</datafield>
<datafield tag="700" ind1="1" ind2=" ">
<subfield code="6">880-04</subfield>
<subfield code="a">Piotrovski&#301;, I&#865;U. I&#865;U..</subfield>
<subfield code="e">editor.</subfield>
</datafield>
<datafield tag="700" ind1="1" ind2=" ">
<subfield code="a">Leskov, Aleksandr Mikha&#301;lovich,</subfield>
<subfield code="e">former owner.</subfield>
<subfield code="5">NyNyUAW</subfield>
</datafield>
<datafield tag="740" ind1="0" ind2=" ">
<subfield code="a">Leskov Collection.</subfield>
<subfield code="5">NyNyUAW</subfield>
</datafield>
<datafield tag="710" ind1="2" ind2=" ">
<subfield code="6">880-05</subfield>
<subfield code="a">Gosudarstvenny&#301; &#278;rmitazh (Russia),</subfield>
<subfield code="e">issuing body.</subfield>
</datafield>
<datafield tag="710" ind1="2" ind2=" ">
<subfield code="6">880-06</subfield>
<subfield code="a">Institut istorii material&#697;no&#301; kul&#697;tury (Rossi&#301;skai&#865;a akademii&#865;a nauk),</subfield>
<subfield code="d">issuing body.</subfield>
</datafield>
<datafield tag="880" ind1="0" ind2="0">
<subfield code="6">245-01/</subfield>
<subfield code="a">&#1057;&#1090;&#1077;&#1087;&#1080; &#1045;&#1074;&#1088;&#1072;&#1079;&#1080;&#1080; &#1074; &#1076;&#1088;&#1077;&#1074;&#1085;&#1086;&#1089;&#1090;&#1080; &#1080; &#1057;&#1088;&#1077;&#1076;&#1085;&#1077;&#1074;&#1077;&#1082;&#1086;&#1074;&#1100;&#1077; :</subfield>
<subfield code="b">&#1084;&#1072;&#1090;&#1077;&#1088;&#1080;&#1072;&#1083;&#1099; &#1052;&#1077;&#1078;&#1076;&#1091;&#1085;&#1072;&#1088;&#1086;&#1076;&#1085;&#1086;&#1081; &#1085;&#1072;&#1091;&#1095;&#1085;&#1086;&#1081; &#1082;&#1086;&#1085;&#1092;&#1077;&#1088;&#1077;&#1085;&#1094;&#1080;&#1080;, &#1087;&#1086;&#1089;&#1074;&#1103;&#1097;&#1077;&#1085;&#1085;&#1086;&#1081; 100-&#1083;&#1077;&#1090;&#1080;&#1102; &#1089;&#1086; &#1076;&#1085;&#1103; &#1088;&#1086;&#1078;&#1076;&#1077;&#1085;&#1080;&#1103; &#1052;.&#1055;. &#1043;&#1088;&#1103;&#1079;&#1085;&#1086;&#1074;&#1072; /</subfield>
<subfield code="c">[&#1086;&#1090;&#1074;&#1077;&#1090;. &#1088;&#1077;&#1076;&#1072;&#1082;. &#1070;.&#1070;. &#1055;&#1080;&#1086;&#1090;&#1088;&#1086;&#1074;&#1089;&#1082;&#1080;&#1081;].</subfield>
</datafield>
<datafield tag="880" ind1=" " ind2=" ">
<subfield code="6">260-02/</subfield>
<subfield code="a">&#1057;&#1072;&#1085;&#1082;&#1090;-&#1055;&#1077;&#1090;&#1077;&#1088;&#1073;&#1091;&#1088;&#1075; :</subfield>
<subfield code="b">&#1069;&#1088;&#1084;&#1080;&#1090;&#1072;&#1078;,</subfield>
<subfield code="c">2002-</subfield>
</datafield>
<datafield tag="880" ind1="1" ind2="0">
<subfield code="6">600-03/</subfield>
<subfield code="a">&#1043;&#1088;&#1103;&#1079;&#1085;&#1086;&#1074;, &#1052;.&#1055;.,</subfield>
<subfield code="q">(&#1052;&#1080;&#1093;&#1072;&#1080;&#1083; &#1055;&#1077;&#1090;&#1088;&#1086;&#1074;&#1080;&#1095;),</subfield>
<subfield code="e">honouree.</subfield>
</datafield>
<datafield tag="880" ind1="1" ind2=" ">
<subfield code="6">700-04/</subfield>
<subfield code="a">&#1055;&#1080;&#1086;&#1090;&#1088;&#1086;&#1074;&#1089;&#1082;&#1080;&#1081;, &#1070;. &#1070;.,</subfield>
<subfield code="e">&#1077;ditor.</subfield>
</datafield>
<datafield tag="880" ind1="2" ind2=" ">
<subfield code="6">710-05/</subfield>
<subfield code="a">&#1043;&#1086;&#1089;&#1091;&#1076;&#1072;&#1088;&#1089;&#1090;&#1074;&#1077;&#1085;&#1085;&#1099;&#1081; &#1069;&#1088;&#1084;&#1080;&#1090;&#1072;&#1078; (&#1056;&#1086;&#1089;&#1089;&#1080;&#1103;),</subfield>
<subfield code="e">issuing body.</subfield>
</datafield>
<datafield tag="880" ind1="2" ind2=" ">
<subfield code="6">710-06/</subfield>
<subfield code="a">&#1048;&#1085;&#1089;&#1090;&#1080;&#1090;&#1091;&#1090; &#1080;&#1089;&#1090;&#1086;&#1088;&#1080;&#1080; &#1084;&#1072;&#1090;&#1077;&#1088;&#1080;&#1072;&#1083;&#1100;&#1085;&#1086;&#1081; &#1082;&#1091;&#1083;&#1100;&#1090;&#1091;&#1088;&#1099; (&#1056;&#1086;&#1089;&#1089;&#1080;&#1081;&#1089;&#1082;&#1072;&#1103; &#1072;&#1082;&#1072;&#1076;&#1077;&#1084;&#1080;&#1103; &#1085;&#1072;&#1091;&#1082;),</subfield>
<subfield code="e">issuing body.</subfield>
</datafield>
<datafield tag="994" ind1=" " ind2=" ">
<subfield code="a">Z0</subfield>
<subfield code="b">ZYU</subfield>
</datafield>
<datafield tag="OWN" ind1=" " ind2=" ">
<subfield code="a">GENERAL</subfield>
</datafield>
<datafield tag="AVA" ind1=" " ind2=" ">
<subfield code="a">NYU50</subfield>
<subfield code="b">NISAW</subfield>
<subfield code="c">Oversize Collection</subfield>
<subfield code="d">DK30 .S75 2002 Non-circulating</subfield>
<subfield code="e">check_holdings</subfield>
<subfield code="t">Check Holdings</subfield>
<subfield code="h">Y</subfield>
<subfield code="j">OVERZ</subfield>
<subfield code="k">0</subfield>
</datafield>
</record>