<record xmlns="http://www.loc.gov/MARC21/slim" xmlns:xsi="http://www.w3.org/2001/XMLSchema-instance" xsi:schemaLocation="http://www.loc.gov/MARC21/slim http://www.loc.gov/standards/marcxml/schema/MARC21slim.xsd">
<leader>00000cam a2200409Ii 4500</leader>
<controlfield tag="FMT">BK</controlfield>
<controlfield tag="LDR">00000cam a2200409Ii 4500</controlfield>
<controlfield tag="001">005886742</controlfield>
<controlfield tag="003">OCoLC</controlfield>
<controlfield tag="005">20180702111856.0</controlfield>
<controlfield tag="008">170703s2017    enka     bc   001 0 eng d</controlfield>
<datafield tag="020" ind1=" " ind2=" ">
<subfield code="a">9780500021286</subfield>
</datafield>
<datafield tag="020" ind1=" " ind2=" ">
<subfield code="a">0500021287</subfield>
</datafield>
<datafield tag="035" ind1=" " ind2=" ">
<subfield code="a">(OCoLC)992743280</subfield>
<subfield code="z">(OCoLC)989714972</subfield>
<subfield code="z">(OCoLC)1005884197</subfield>
</datafield>
<datafield tag="035" ind1="7" ind2=" ">
<subfield code="a">ybp13402804</subfield>
</datafield>
<datafield tag="040" ind1=" " ind2=" ">
<subfield code="a">BTCTA</subfield>
<subfield code="b">eng</subfield>
<subfield code="e">rda</subfield>
<subfield code="c">BTCTA</subfield>
<subfield code="d">BDX</subfield>
<subfield code="d">YDX</subfield>
<subfield code="d">LND</subfield>
<subfield code="d">ERASA</subfield>
<subfield code="d">MZA</subfield>
<subfield code="d">OCLCF</subfield>
<subfield code="d">NNU</subfield>
</datafield>
<datafield tag="050" ind1=" " ind2="4">
<subfield code="a">DK34.S4</subfield>
<subfield code="b">B7 2017</subfield>
</datafield>
<datafield tag="079" ind1=" " ind2=" ">
<subfield code="a">(OCoLC)992743280</subfield>
</datafield>
<datafield tag="082" ind1="0" ind2="4">
<subfield code="a">709.3951</subfield>
<subfield code="2">23</subfield>
</datafield>
<datafield tag="245" ind1="0" ind2="0">
<subfield code="a">Scythians :</subfield>
<subfield code="b">warriors of ancient Siberia /</subfield>
<subfield code="c">edited by St. John Simpson and Svetlana Pankova.</subfield>
</datafield>
<datafield tag="264" ind1=" " ind2="1">
<subfield code="a">London :</subfield>
<subfield code="b">Thames &amp; Hudson</subfield>
<subfield code="c">[2017].</subfield>
</datafield>
<datafield tag="300" ind1=" " ind2=" ">
<subfield code="a">368 pages :</subfield>
<subfield code="b">illustrations ;</subfield>
<subfield code="c">29 cm.</subfield>
</datafield>
<datafield tag="336" ind1=" " ind2=" ">
<subfield code="a">text</subfield>
<subfield code="b">txt</subfield>
<subfield code="2">rdacontent</subfield>
</datafield>
<datafield tag="337" ind1=" " ind2=" ">
<subfield code="a">unmediated</subfield>
<subfield code="b">n</subfield>
<subfield code="2">rdamedia</subfield>
</datafield>
<datafield tag="338" ind1=" " ind2=" ">
<subfield code="a">volume</subfield>
<subfield code="b">nc</subfield>
<subfield code="2">rdacarrier</subfield>
</datafield>
<datafield tag="500" ind1=" " ind2=" ">
<subfield code="a">At head of title: The BP exhibition.</subfield>
</datafield>
<datafield tag="500" ind1=" " ind2=" ">
<subfield code="a">"Organized with the State Hermitage Museum, St. Petersburg, Russia."</subfield>
</datafield>
<datafield tag="500" ind1=" " ind2=" ">
<subfield code="a">Catalog of an exhibition held at the British Museum, London, September 14, 2017 - January 14, 2018.</subfield>
</datafield>
<datafield tag="504" ind1=" " ind2=" ">
<subfield code="a">Includes bibliographical references (pages 352-361) and index.</subfield>
</datafield>
<datafield tag="520" ind1=" " ind2=" ">
<subfield code="a">This book is a catalogue of an exhibition about the Scythians, who were an ancient nomadic people, who lived in the Russian steppe from 900 to 400 BC. They established a rich, nomadic civilization stretching from their homeland in Siberia as far as the Black Sea and the edge of China. Mobility and mastery of local resources were central to their culture and their achievements. Forerunners of the Sarmatians, the Huns, the Turks and the Mongols, the Scythians were feared adversaries and respected neighbours of the Assyrians, the Persians and the Ancient Greeks. Much of what we know about them comes from the Ancient Greek historian Herodotus, as they left no written records of their own. Many of the objects found are exceptionally well preserved because of the permanent frost in the high Altai mountains, and they offer unique insights in to the life and funerary customs of the Scythians. Drawing on the latest research this book will appeal to anyone interested in the ancient world and Russian culture.</subfield>
</datafield>
<datafield tag="650" ind1=" " ind2="0">
<subfield code="a">Art, Scythian</subfield>
<subfield code="v">Exhibitions.</subfield>
</datafield>
<datafield tag="650" ind1=" " ind2="0">
<subfield code="a">Scythians</subfield>
<subfield code="x">History</subfield>
<subfield code="v">Exhibitions.</subfield>
</datafield>
<datafield tag="651" ind1=" " ind2="7">
<subfield code="a">Scythae/Sagae/Sacae.</subfield>
<subfield code="2">pleiades</subfield>
<subfield code="0">https://pleiades.stoa.org/places/60676</subfield>
<subfield code="5">NyNyUAW</subfield>
</datafield>
<datafield tag="650" ind1=" " ind2="7">
<subfield code="a">Art, Scythian.</subfield>
<subfield code="2">fast</subfield>
<subfield code="0">(OCoLC)fst00816866</subfield>
</datafield>
<datafield tag="650" ind1=" " ind2="7">
<subfield code="a">Scythians.</subfield>
<subfield code="2">fast</subfield>
<subfield code="0">(OCoLC)fst01109953</subfield>
</datafield>
<datafield tag="655" ind1=" " ind2="7">
<subfield code="a">Exhibition catalogs.</subfield>
<subfield code="2">fast</subfield>
<subfield code="0">(OCoLC)fst01424028</subfield>
</datafield>
<datafield tag="655" ind1=" " ind2="7">
<subfield code="a">History.</subfield>
<subfield code="2">fast</subfield>
<subfield code="0">(OCoLC)fst01411628</subfield>
</datafield>
<datafield tag="700" ind1="1" ind2=" ">
<subfield code="a">Simpson, St John.</subfield>
</datafield>
<datafield tag="700" ind1="1" ind2=" ">
<subfield code="a">Pankova, Svetlana.</subfield>
</datafield>
<datafield tag="710" ind1="2" ind2=" ">
<subfield code="a">British Museum.</subfield>
</datafield>
<datafield tag="710" ind1="2" ind2=" ">
<subfield code="a">Gosudarstvenny&#301; &#278;rmitazh (Russia)</subfield>
</datafield>
<datafield tag="OWN" ind1=" " ind2=" ">
<subfield code="a">GENERAL</subfield>
</datafield>
<datafield tag="AVA" ind1=" " ind2=" ">
<subfield code="a">NYU50</subfield>
<subfield code="b">BOBST</subfield>
<subfield code="c">Main Collection</subfield>
<subfield code="d">DK34.S4 B7 2017 Oversize</subfield>
<subfield code="e">unavailable</subfield>
<subfield code="t">Unavailable</subfield>
<subfield code="f">1</subfield>
<subfield code="g">1</subfield>
<subfield code="h">N</subfield>
<subfield code="i">2</subfield>
<subfield code="j">MAIN</subfield>
<subfield code="k">0</subfield>
</datafield>
<datafield tag="AVA" ind1=" " ind2=" ">
<subfield code="a">NYU50</subfield>
<subfield code="b">NISAW</subfield>
<subfield code="c">Large Collection</subfield>
<subfield code="d">DK34.S4 B7 2017 Non-circulating</subfield>
<subfield code="e">available</subfield>
<subfield code="t">Available</subfield>
<subfield code="f">1</subfield>
<subfield code="g">0</subfield>
<subfield code="h">N</subfield>
<subfield code="i">0</subfield>
<subfield code="j">LARGE</subfield>
<subfield code="k">0</subfield>
</datafield>
</record>