<record xmlns="http://www.loc.gov/MARC21/slim" xmlns:xsi="http://www.w3.org/2001/XMLSchema-instance" xsi:schemaLocation="http://www.loc.gov/MARC21/slim http://www.loc.gov/standards/marcxml/schema/MARC21slim.xsd">
<leader>00000cam a22     Ia 4500</leader>
<controlfield tag="FMT">BK</controlfield>
<controlfield tag="LDR">00000cam a22     Ia 4500</controlfield>
<controlfield tag="001">006254566</controlfield>
<controlfield tag="005">20180724145826.0</controlfield>
<controlfield tag="008">180724s1995    ru af         000 0 rus d</controlfield>
<datafield tag="035" ind1=" " ind2=" ">
<subfield code="a">(OCoLC)37628590</subfield>
</datafield>
<datafield tag="040" ind1=" " ind2=" ">
<subfield code="a">IXA</subfield>
<subfield code="b">eng</subfield>
<subfield code="c">IXA</subfield>
<subfield code="d">OCLCQ</subfield>
<subfield code="d">OCLCG</subfield>
<subfield code="d">OCLCQ</subfield>
<subfield code="d">OCLCO</subfield>
<subfield code="d">OCLCF</subfield>
<subfield code="d">OCLCQ</subfield>
<subfield code="d">ZYU</subfield>
</datafield>
<datafield tag="043" ind1=" " ind2=" ">
<subfield code="a">e-ru---</subfield>
</datafield>
<datafield tag="050" ind1=" " ind2="4">
<subfield code="a">DK34.S4</subfield>
<subfield code="b">P89 1995</subfield>
</datafield>
<datafield tag="100" ind1="1" ind2=" ">
<subfield code="6">880-01</subfield>
<subfield code="a">Puzikova, A. I.</subfield>
<subfield code="q">(Anna Ivanovna),</subfield>
<subfield code="e">author.</subfield>
</datafield>
<datafield tag="245" ind1="1" ind2="0">
<subfield code="6">880-02</subfield>
<subfield code="a">Skify Srednego Dona :</subfield>
<subfield code="b">Belgorodskai&#65056;a&#65057; i Voronezhskai&#65056;a&#65057; oblasti /</subfield>
<subfield code="c">A.I. Puzikova.</subfield>
</datafield>
<datafield tag="260" ind1=" " ind2=" ">
<subfield code="6">880-03</subfield>
<subfield code="a">Moskva :</subfield>
<subfield code="b">"Praktik-A",</subfield>
<subfield code="c">1995.</subfield>
</datafield>
<datafield tag="300" ind1=" " ind2=" ">
<subfield code="a">29</subfield>
<subfield code="b">color illustrations ;</subfield>
<subfield code="c">30 cm</subfield>
</datafield>
<datafield tag="336" ind1=" " ind2=" ">
<subfield code="a">text</subfield>
<subfield code="b">txt</subfield>
<subfield code="2">rdacontent</subfield>
</datafield>
<datafield tag="337" ind1=" " ind2=" ">
<subfield code="a">unmediated</subfield>
<subfield code="b">n</subfield>
<subfield code="2">rdamedia</subfield>
</datafield>
<datafield tag="338" ind1=" " ind2=" ">
<subfield code="a">volume</subfield>
<subfield code="b">nc</subfield>
<subfield code="2">rdacarrier</subfield>
</datafield>
<datafield tag="500" ind1=" " ind2=" ">
<subfield code="a">ISAW copy is from the library of Aleksandr Leskov.</subfield>
<subfield code="5">NyNyUAW</subfield>
</datafield>
<datafield tag="500" ind1=" " ind2=" ">
<subfield code="6">880-04</subfield>
<subfield code="a">At head of title: Belgorodskii&#774; Gosudarstvennyi&#774; kraevedcheskii&#774; muzei&#774;; Rossii&#774;skai&#65056;a&#65057; Akademii&#65056;a&#65057; nauk. Institut arkheologii.</subfield>
</datafield>
<datafield tag="650" ind1=" " ind2="0">
<subfield code="a">Scythians.</subfield>
</datafield>
<datafield tag="651" ind1=" " ind2="0">
<subfield code="a">Russia (Federation)</subfield>
<subfield code="x">Antiquities.</subfield>
</datafield>
<datafield tag="710" ind1="2" ind2=" ">
<subfield code="6">880-05</subfield>
<subfield code="a">Institut arkheologii (Rossii&#774;skai&#65056;a&#65057; akademii&#65056;a&#65057; nauk),</subfield>
<subfield code="e">issuing body.</subfield>
</datafield>
<datafield tag="700" ind1="1" ind2=" ">
<subfield code="a">Leskov, Aleksandr Mikha&#301;lovich,</subfield>
<subfield code="e">former owner.</subfield>
<subfield code="5">NyNyUAW</subfield>
</datafield>
<datafield tag="740" ind1="0" ind2=" ">
<subfield code="a">Leskov Collection.</subfield>
<subfield code="5">NyNyUAW</subfield>
</datafield>
<datafield tag="880" ind1="1" ind2=" ">
<subfield code="6">100-01/</subfield>
<subfield code="a">&#1055;&#1091;&#1079;&#1080;&#1082;&#1086;&#1074;&#1072;, &#1040;. &#1048;.</subfield>
<subfield code="q">(&#1040;&#1085;&#1085;&#1072; &#1048;&#1074;&#1072;&#1085;&#1086;&#1074;&#1085;&#1072;),</subfield>
<subfield code="e">author.</subfield>
</datafield>
<datafield tag="880" ind1="1" ind2="0">
<subfield code="6">245-02/</subfield>
<subfield code="a">&#1057;&#1082;&#1080;&#1092;&#1099; &#1057;&#1088;&#1077;&#1076;&#1085;&#1077;&#1075;&#1086; &#1044;&#1086;&#1085;&#1072; :</subfield>
<subfield code="b">&#1041;&#1077;&#1083;&#1075;&#1086;&#1088;&#1086;&#1076;&#1089;&#1082;&#1072;&#1103; &#1080; &#1042;&#1086;&#1088;&#1086;&#1085;&#1077;&#1078;&#1089;&#1082;&#1072;&#1103; &#1086;&#1073;&#1083;&#1072;&#1089;&#1090;&#1080; /</subfield>
<subfield code="c">&#1040;.&#1048;. &#1055;&#1091;&#1079;&#1080;&#1082;&#1086;&#1074;&#1072;.</subfield>
</datafield>
<datafield tag="880" ind1=" " ind2=" ">
<subfield code="6">260-03/</subfield>
<subfield code="a">&#1052;&#1086;&#1089;&#1082;&#1074;&#1072; :</subfield>
<subfield code="b">"&#1055;&#1088;&#1072;&#1082;&#1090;&#1080;&#1082;-&#1040;",</subfield>
<subfield code="c">1995.</subfield>
</datafield>
<datafield tag="880" ind1=" " ind2=" ">
<subfield code="6">500-04/</subfield>
<subfield code="a">&#1040;t head of title: &#1041;&#1077;&#1083;&#1075;&#1086;&#1088;&#1086;&#1076;&#1089;&#1082;&#1080;&#1081; &#1043;&#1086;&#1089;&#1091;&#1076;&#1072;&#1088;&#1089;&#1090;&#1074;&#1077;&#1085;&#1085;&#1099;&#1081; &#1082;&#1088;&#1072;&#1077;&#1074;&#1077;&#1076;&#1095;&#1077;&#1089;&#1082;&#1080;&#1081; &#1084;&#1091;&#1079;&#1077;&#1081;; &#1056;&#1086;&#1089;&#1089;&#1080;&#1081;&#1089;&#1082;&#1072;&#1103; &#1040;&#1082;&#1072;&#1076;&#1077;&#1084;&#1080;&#1103; &#1085;&#1072;&#1091;&#1082;. &#1048;&#1085;&#1089;&#1090;&#1080;&#1090;&#1091;&#1090; &#1072;&#1088;&#1093;&#1077;&#1086;&#1083;&#1086;&#1075;&#1080;&#1080;.</subfield>
</datafield>
<datafield tag="880" ind1="2" ind2=" ">
<subfield code="6">710-05/</subfield>
<subfield code="a">&#1048;&#1085;&#1089;&#1090;&#1080;&#1090;&#1091;&#1090; &#1072;&#1088;&#1093;&#1077;&#1086;&#1083;&#1086;&#1075;&#1080;&#1080; (&#1056;&#1086;&#1089;&#1089;&#1080;&#1081;&#1089;&#1082;&#1072;&#1103; &#1072;&#1082;&#1072;&#1076;&#1077;&#1084;&#1080;&#1103; &#1085;&#1072;&#1091;&#1082;),</subfield>
<subfield code="e">issuing body.</subfield>
</datafield>
<datafield tag="OWN" ind1=" " ind2=" ">
<subfield code="a">GENERAL</subfield>
</datafield>
<datafield tag="AVA" ind1=" " ind2=" ">
<subfield code="a">NYU50</subfield>
<subfield code="b">NISAW</subfield>
<subfield code="c">Large Collection</subfield>
<subfield code="d">DK34.S4 P89 1995 Non-circulating</subfield>
<subfield code="e">unavailable</subfield>
<subfield code="t">Unavailable</subfield>
<subfield code="f">1</subfield>
<subfield code="g">1</subfield>
<subfield code="h">N</subfield>
<subfield code="i">0</subfield>
<subfield code="j">LARGE</subfield>
<subfield code="k">0</subfield>
</datafield>
</record>