<record xmlns="http://www.loc.gov/MARC21/slim" xmlns:xsi="http://www.w3.org/2001/XMLSchema-instance" xsi:schemaLocation="http://www.loc.gov/MARC21/slim http://www.loc.gov/standards/marcxml/schema/MARC21slim.xsd">
<leader>00000cam a22      a 4500</leader>
<controlfield tag="FMT">BK</controlfield>
<controlfield tag="LDR">00000cam a22      a 4500</controlfield>
<controlfield tag="001">006253515</controlfield>
<controlfield tag="005">20180723094806.0</controlfield>
<controlfield tag="008">180723s1980    ru a     b    000 0 ruso</controlfield>
<datafield tag="010" ind1=" " ind2=" ">
<subfield code="a">   81142333</subfield>
</datafield>
<datafield tag="035" ind1=" " ind2=" ">
<subfield code="a">(OCoLC)8764824</subfield>
<subfield code="z">(OCoLC)7659452</subfield>
</datafield>
<datafield tag="040" ind1=" " ind2=" ">
<subfield code="a">DLC</subfield>
<subfield code="b">eng</subfield>
<subfield code="c">DLC</subfield>
<subfield code="d">STF</subfield>
<subfield code="d">OCLCQ</subfield>
<subfield code="d">OCLCF</subfield>
<subfield code="d">OCLCQ</subfield>
<subfield code="d">OCLCO</subfield>
<subfield code="d">ZYU</subfield>
</datafield>
<datafield tag="043" ind1=" " ind2=" ">
<subfield code="a">e-urk--</subfield>
</datafield>
<datafield tag="050" ind1="0" ind2="0">
<subfield code="a">DK34.S4</subfield>
<subfield code="b">T44 1980</subfield>
</datafield>
<datafield tag="100" ind1="1" ind2=" ">
<subfield code="6">880-01</subfield>
<subfield code="a">Tekhov, Bagrat Vissarionovich,</subfield>
<subfield code="e">author.</subfield>
</datafield>
<datafield tag="245" ind1="1" ind2="0">
<subfield code="6">880-02</subfield>
<subfield code="a">Skify i T&#65056;S&#65057;entral&#697;nyi&#774; Kavkaz v VII-VI vv. do n.e&#775;. :</subfield>
<subfield code="b">Po materialam Tlii&#774;skogo mogil&#697;nika /</subfield>
<subfield code="c">B.V. Tekhov.</subfield>
</datafield>
<datafield tag="260" ind1=" " ind2=" ">
<subfield code="6">880-03</subfield>
<subfield code="a">Moskva :</subfield>
<subfield code="b">Izd-vo "Nauka",</subfield>
<subfield code="c">1980.</subfield>
</datafield>
<datafield tag="300" ind1=" " ind2=" ">
<subfield code="a">93 pages :</subfield>
<subfield code="b">illustrations ;</subfield>
<subfield code="c">26 cm</subfield>
</datafield>
<datafield tag="336" ind1=" " ind2=" ">
<subfield code="a">text</subfield>
<subfield code="b">txt</subfield>
<subfield code="2">rdacontent</subfield>
</datafield>
<datafield tag="337" ind1=" " ind2=" ">
<subfield code="a">unmediated</subfield>
<subfield code="b">n</subfield>
<subfield code="2">rdamedia</subfield>
</datafield>
<datafield tag="338" ind1=" " ind2=" ">
<subfield code="a">volume</subfield>
<subfield code="b">nc</subfield>
<subfield code="2">rdacarrier</subfield>
</datafield>
<datafield tag="500" ind1=" " ind2=" ">
<subfield code="a">ISAW copy is from the library of Aleksandr Leskov.</subfield>
<subfield code="5">NyNyUAW</subfield>
</datafield>
<datafield tag="500" ind1=" " ind2=" ">
<subfield code="6">880-04</subfield>
<subfield code="a">At head of title: Akademii&#65056;a&#65057; nauk Gruzinskoi&#774; SSR. I&#65056;U&#65057;go-Osetinskii&#774; nauchno-issledovatel&#697;skii&#774; institut.</subfield>
</datafield>
<datafield tag="504" ind1=" " ind2=" ">
<subfield code="a">Includes bibliographical references (pages 87-92).</subfield>
</datafield>
<datafield tag="650" ind1=" " ind2="0">
<subfield code="a">Scythians.</subfield>
</datafield>
<datafield tag="651" ind1=" " ind2="0">
<subfield code="a">Caucasus</subfield>
<subfield code="x">Antiquities.</subfield>
</datafield>
<datafield tag="710" ind1="2" ind2=" ">
<subfield code="a">Samxret&#699;-Oset&#699;is samec&#699;niero-kvlevit&#699;i instituti,</subfield>
<subfield code="e">issuing body.</subfield>
</datafield>
<datafield tag="776" ind1="0" ind2="8">
<subfield code="i">Online version:</subfield>
<subfield code="a">Tekhov, Bagrat Vissarionovich.</subfield>
<subfield code="t">Skify i T&#65056;S&#65057;entral&#697;nyi&#774; Kavkaz v VII-VI vv. do n.e&#775;.</subfield>
<subfield code="d">Moskva : Izd-vo "Nauka", 1980</subfield>
<subfield code="w">(OCoLC)560068885</subfield>
</datafield>
<datafield tag="700" ind1="1" ind2=" ">
<subfield code="a">Leskov, Aleksandr Mikha&#301;lovich,</subfield>
<subfield code="e">former owner.</subfield>
<subfield code="5">NyNyUAW</subfield>
</datafield>
<datafield tag="740" ind1="0" ind2=" ">
<subfield code="a">Leskov Collection.</subfield>
<subfield code="5">NyNyUAW</subfield>
</datafield>
<datafield tag="880" ind1="1" ind2=" ">
<subfield code="6">100-01/</subfield>
<subfield code="a">&#1058;&#1077;&#1093;&#1086;&#1074;, &#1041;&#1072;&#1075;&#1088;&#1072;&#1090; &#1042;&#1080;&#1089;&#1089;&#1072;&#1088;&#1080;&#1086;&#1085;&#1086;&#1074;&#1080;&#1095;,</subfield>
<subfield code="e">author.</subfield>
</datafield>
<datafield tag="880" ind1="1" ind2="0">
<subfield code="6">245-02/</subfield>
<subfield code="a">&#1057;&#1082;&#1080;&#1092;&#1099; &#1080; &#1062;&#1077;&#1085;&#1090;&#1088;&#1072;&#1083;&#1100;&#1085;&#1099;&#1081; &#1050;&#1072;&#1074;&#1082;&#1072;&#1079; &#1074; VII-VI &#1074;&#1074;. &#1076;&#1086; &#1085;.&#1101;. :</subfield>
<subfield code="b">&#1055;&#1086; &#1084;&#1072;&#1090;&#1077;&#1088;&#1080;&#1072;&#1083;&#1072;&#1084; &#1058;&#1083;&#1080;&#1081;&#1089;&#1082;&#1086;&#1075;&#1086; &#1084;&#1086;&#1075;&#1080;&#1083;&#1100;&#1085;&#1080;&#1082;&#1072; /</subfield>
<subfield code="c">&#1041;.&#1042;. &#1058;&#1077;&#1093;&#1086;&#1074;.</subfield>
</datafield>
<datafield tag="880" ind1=" " ind2=" ">
<subfield code="6">260-03/</subfield>
<subfield code="a">&#1052;&#1086;&#1089;&#1082;&#1074;&#1072; :</subfield>
<subfield code="b">&#1048;&#1079;&#1076;-&#1074;&#1086; "&#1053;&#1072;&#1091;&#1082;&#1072;",</subfield>
<subfield code="c">1980.</subfield>
</datafield>
<datafield tag="880" ind1=" " ind2=" ">
<subfield code="6">500-04/</subfield>
<subfield code="a">&#1040;t head of title: &#1040;&#1082;&#1072;&#1076;&#1077;&#1084;&#1080;&#1103; &#1085;&#1072;&#1091;&#1082; &#1043;&#1088;&#1091;&#1079;&#1080;&#1085;&#1089;&#1082;&#1086;&#1081; &#1057;&#1057;&#1056;. &#1070;&#1075;&#1086;-&#1054;&#1089;&#1077;&#1090;&#1080;&#1085;&#1089;&#1082;&#1080;&#1081; &#1085;&#1072;&#1091;&#1095;&#1085;&#1086;-&#1080;&#1089;&#1089;&#1083;&#1077;&#1076;&#1086;&#1074;&#1072;&#1090;&#1077;&#1083;&#1100;&#1089;&#1082;&#1080;&#1081; &#1080;&#1085;&#1089;&#1090;&#1080;&#1090;&#1091;&#1090;.</subfield>
</datafield>
<datafield tag="OWN" ind1=" " ind2=" ">
<subfield code="a">GENERAL</subfield>
</datafield>
<datafield tag="AVA" ind1=" " ind2=" ">
<subfield code="a">NYU50</subfield>
<subfield code="b">NISAW</subfield>
<subfield code="c">Small Collection</subfield>
<subfield code="d">DK34.S4 T44 1980 Non-circulating</subfield>
<subfield code="e">unavailable</subfield>
<subfield code="t">Unavailable</subfield>
<subfield code="f">1</subfield>
<subfield code="g">1</subfield>
<subfield code="h">N</subfield>
<subfield code="i">0</subfield>
<subfield code="j">SMALL</subfield>
<subfield code="k">0</subfield>
</datafield>
</record>