<record xmlns="http://www.loc.gov/MARC21/slim" xmlns:xsi="http://www.w3.org/2001/XMLSchema-instance" xsi:schemaLocation="http://www.loc.gov/MARC21/slim http://www.loc.gov/standards/marcxml/schema/MARC21slim.xsd">
<leader>00000cam a22      a 4500</leader>
<controlfield tag="FMT">BK</controlfield>
<controlfield tag="LDR">00000cam a22      a 4500</controlfield>
<controlfield tag="001">006225515</controlfield>
<controlfield tag="005">20180712103628.0</controlfield>
<controlfield tag="008">180712s1986    un a     b    000 0 ruso</controlfield>
<datafield tag="010" ind1=" " ind2=" ">
<subfield code="a">   87161642</subfield>
</datafield>
<datafield tag="035" ind1=" " ind2=" ">
<subfield code="a">(OCoLC)22004381</subfield>
<subfield code="z">(OCoLC)718205528</subfield>
<subfield code="z">(OCoLC)1000649897</subfield>
</datafield>
<datafield tag="040" ind1=" " ind2=" ">
<subfield code="a">DLC</subfield>
<subfield code="b">eng</subfield>
<subfield code="c">DLC</subfield>
<subfield code="d">CHRRO</subfield>
<subfield code="d">OCLCF</subfield>
<subfield code="d">OCLCQ</subfield>
<subfield code="d">OCLCO</subfield>
<subfield code="d">ZYU</subfield>
</datafield>
<datafield tag="043" ind1=" " ind2=" ">
<subfield code="a">e-un---</subfield>
<subfield code="a">mb-----</subfield>
</datafield>
<datafield tag="050" ind1="0" ind2="0">
<subfield code="a">DK508.9.B57</subfield>
<subfield code="b">S55 1986</subfield>
</datafield>
<datafield tag="072" ind1=" " ind2="7">
<subfield code="a">s1ar</subfield>
<subfield code="2">rero</subfield>
</datafield>
<datafield tag="245" ind1="0" ind2="0">
<subfield code="6">880-01</subfield>
<subfield code="a">Skifskie pogrebal&#697;nye pami&#865;atniki stepe&#301; Severnogo Prichernomor&#697;i&#865;a /</subfield>
<subfield code="c">[avtory E.V. Chernenko ... et al. ; otvetstvennye redaktory E.V. Chernenko, S.S. Bessonova].</subfield>
</datafield>
<datafield tag="260" ind1=" " ind2=" ">
<subfield code="6">880-02</subfield>
<subfield code="a">Kiev :</subfield>
<subfield code="b">Nauk. dumka,</subfield>
<subfield code="c">1986.</subfield>
</datafield>
<datafield tag="300" ind1=" " ind2=" ">
<subfield code="a">2</subfield>
<subfield code="b">illustrations ;</subfield>
<subfield code="c">20 cm</subfield>
</datafield>
<datafield tag="336" ind1=" " ind2=" ">
<subfield code="a">text</subfield>
<subfield code="b">txt</subfield>
<subfield code="2">rdacontent</subfield>
</datafield>
<datafield tag="337" ind1=" " ind2=" ">
<subfield code="a">unmediated</subfield>
<subfield code="b">n</subfield>
<subfield code="2">rdamedia</subfield>
</datafield>
<datafield tag="338" ind1=" " ind2=" ">
<subfield code="a">volume</subfield>
<subfield code="b">nc</subfield>
<subfield code="2">rdacarrier</subfield>
</datafield>
<datafield tag="500" ind1=" " ind2=" ">
<subfield code="a">ISAW copy is from the library of Aleksandr Leskov.</subfield>
<subfield code="5">NyNyUAW</subfield>
</datafield>
<datafield tag="500" ind1=" " ind2=" ">
<subfield code="6">880-03</subfield>
<subfield code="a">At head of title: Akademii&#865;a nauk Ukrainsko&#301; SSR. Institut arkheologii.</subfield>
</datafield>
<datafield tag="504" ind1=" " ind2=" ">
<subfield code="a">Includes bibliographical references (pages 353-367).</subfield>
</datafield>
<datafield tag="651" ind1=" " ind2="0">
<subfield code="a">Black Sea Lowland (Ukraine)</subfield>
<subfield code="x">Antiquities.</subfield>
</datafield>
<datafield tag="650" ind1=" " ind2="0">
<subfield code="a">Scythians.</subfield>
</datafield>
<datafield tag="650" ind1=" " ind2="0">
<subfield code="a">Excavations (Archaeology)</subfield>
<subfield code="z">Ukraine</subfield>
<subfield code="z">Black Sea Lowland.</subfield>
</datafield>
<datafield tag="650" ind1=" " ind2="0">
<subfield code="a">Tombs</subfield>
<subfield code="z">Ukraine</subfield>
<subfield code="z">Black Sea Lowland.</subfield>
</datafield>
<datafield tag="700" ind1="1" ind2=" ">
<subfield code="6">880-04</subfield>
<subfield code="a">Chernenko, E. V.</subfield>
<subfield code="q">(Evgeni&#301; Vasil&#697;evich),</subfield>
<subfield code="e">editor.</subfield>
</datafield>
<datafield tag="700" ind1="1" ind2=" ">
<subfield code="6">880-05</subfield>
<subfield code="a">Bessonova, S. S.</subfield>
<subfield code="q">(Svetlana Sergeevna),</subfield>
<subfield code="e">editor.</subfield>
</datafield>
<datafield tag="710" ind1="2" ind2=" ">
<subfield code="a">Instytut arkheolohi&#239; (Akademii&#865;a nauk Ukra&#239;ns&#697;ko&#239; RSR)</subfield>
</datafield>
<datafield tag="776" ind1="0" ind2="8">
<subfield code="i">Online version:</subfield>
<subfield code="t">Skifskie pogrebal&#697;nye pami&#865;atniki stepe&#301; Severnogo Prichernomor&#697;i&#865;a.</subfield>
<subfield code="d">Kiev : Nauk. dumka, 1986</subfield>
<subfield code="w">(OCoLC)609428102</subfield>
</datafield>
<datafield tag="700" ind1="1" ind2=" ">
<subfield code="a">Leskov, Aleksandr Mikha&#301;lovich,</subfield>
<subfield code="e">former owner.</subfield>
<subfield code="5">NyNyUAW</subfield>
</datafield>
<datafield tag="740" ind1="0" ind2=" ">
<subfield code="a">Leskov Collection.</subfield>
<subfield code="5">NyNyUAW</subfield>
</datafield>
<datafield tag="880" ind1="0" ind2="0">
<subfield code="6">245-01/</subfield>
<subfield code="a">&#1057;&#1082;&#1080;&#1092;&#1089;&#1082;&#1080;&#1077; &#1087;&#1086;&#1075;&#1088;&#1077;&#1073;&#1072;&#1083;&#1100;&#1085;&#1099;&#1077; &#1087;&#1072;&#1084;&#1103;&#1090;&#1085;&#1080;&#1082;&#1080; &#1089;&#1090;&#1077;&#1087;&#1077;&#1081; &#1057;&#1077;&#1074;&#1077;&#1088;&#1085;&#1086;&#1075;&#1086; &#1055;&#1088;&#1080;&#1095;&#1077;&#1088;&#1085;&#1086;&#1084;&#1086;&#1088;&#1100;&#1103; /</subfield>
<subfield code="c">[&#1072;&#1074;&#1090;&#1086;&#1088;&#1099; &#1045;.&#1042;. &#1063;&#1077;&#1088;&#1085;&#1077;&#1085;&#1082;&#1086; ... &#1077;&#1090; &#1072;&#1083;. ; &#1086;&#1090;&#1074;&#1077;&#1090;&#1089;&#1090;&#1074;&#1077;&#1085;&#1085;&#1099;&#1077; &#1088;&#1077;&#1076;&#1072;&#1082;&#1090;&#1086;&#1088;&#1099; &#1045;.&#1042;. &#1063;&#1077;&#1088;&#1085;&#1077;&#1085;&#1082;&#1086;, &#1057;.&#1057;. &#1041;&#1077;&#1089;&#1089;&#1086;&#1085;&#1086;&#1074;&#1072;].</subfield>
</datafield>
<datafield tag="880" ind1=" " ind2=" ">
<subfield code="6">260-02/</subfield>
<subfield code="a">&#1050;&#1080;&#1077;&#1074; :</subfield>
<subfield code="b">&#1053;&#1072;&#1091;&#1082;. &#1076;&#1091;&#1084;&#1082;&#1072;,</subfield>
<subfield code="c">1986.</subfield>
</datafield>
<datafield tag="880" ind1=" " ind2=" ">
<subfield code="6">500-03/</subfield>
<subfield code="a">&#1040;t head of title: &#1040;&#1082;&#1072;&#1076;&#1077;&#1084;&#1080;&#1103; &#1085;&#1072;&#1091;&#1082; &#1059;&#1082;&#1088;&#1072;&#1080;&#1085;&#1089;&#1082;&#1086;&#1081; &#1057;&#1057;&#1056;. &#1048;&#1085;&#1089;&#1090;&#1080;&#1090;&#1091;&#1090; &#1072;&#1088;&#1093;&#1077;&#1086;&#1083;&#1086;&#1075;&#1080;&#1080;.</subfield>
</datafield>
<datafield tag="880" ind1="1" ind2=" ">
<subfield code="6">700-04/</subfield>
<subfield code="a">&#1063;&#1077;&#1088;&#1085;&#1077;&#1085;&#1082;&#1086;, &#1045;. &#1042;.</subfield>
<subfield code="q">(&#1045;&#1074;&#1075;&#1077;&#1085;&#1080;&#1081; &#1042;&#1072;&#1089;&#1080;&#1083;&#1100;&#1077;&#1074;&#1080;&#1095;),</subfield>
<subfield code="e">editor.</subfield>
</datafield>
<datafield tag="880" ind1="1" ind2=" ">
<subfield code="6">700-05/</subfield>
<subfield code="a">&#1041;&#1077;&#1089;&#1089;&#1086;&#1085;&#1086;&#1074;&#1072;, &#1057;. &#1057;.</subfield>
<subfield code="q">(&#1057;&#1074;&#1077;&#1090;&#1083;&#1072;&#1085;&#1072; &#1057;&#1077;&#1088;&#1075;&#1077;&#1077;&#1074;&#1085;&#1072;),</subfield>
<subfield code="e">editor.</subfield>
</datafield>
<datafield tag="OWN" ind1=" " ind2=" ">
<subfield code="a">GENERAL</subfield>
</datafield>
<datafield tag="AVA" ind1=" " ind2=" ">
<subfield code="a">NYU50</subfield>
<subfield code="b">NISAW</subfield>
<subfield code="c">Small Collection</subfield>
<subfield code="d">DK508.9.B57 S55 1986 Non-circulating</subfield>
<subfield code="e">unavailable</subfield>
<subfield code="t">Unavailable</subfield>
<subfield code="f">1</subfield>
<subfield code="g">1</subfield>
<subfield code="h">N</subfield>
<subfield code="i">0</subfield>
<subfield code="j">SMALL</subfield>
<subfield code="k">0</subfield>
</datafield>
</record>