<record xmlns="http://www.loc.gov/MARC21/slim" xmlns:xsi="http://www.w3.org/2001/XMLSchema-instance" xsi:schemaLocation="http://www.loc.gov/MARC21/slim http://www.loc.gov/standards/marcxml/schema/MARC21slim.xsd">
<leader>00000nam a22     Ii 4500</leader>
<controlfield tag="FMT">BK</controlfield>
<controlfield tag="LDR">00000nam a22     Ii 4500</controlfield>
<controlfield tag="001">006255994</controlfield>
<controlfield tag="005">20180727133701.0</controlfield>
<controlfield tag="008">180727s2017    un a     b    000 0 ruso</controlfield>
<datafield tag="020" ind1=" " ind2=" ">
<subfield code="a">9785604000267</subfield>
</datafield>
<datafield tag="020" ind1=" " ind2=" ">
<subfield code="a">5604000264</subfield>
</datafield>
<datafield tag="035" ind1=" " ind2=" ">
<subfield code="a">(OCoLC)1046449008</subfield>
</datafield>
<datafield tag="040" ind1=" " ind2=" ">
<subfield code="a">ZYU</subfield>
<subfield code="b">eng</subfield>
<subfield code="e">rda</subfield>
<subfield code="c">ZYU</subfield>
</datafield>
<datafield tag="041" ind1="0" ind2=" ">
<subfield code="a">rus</subfield>
<subfield code="b">eng</subfield>
</datafield>
<datafield tag="050" ind1=" " ind2="4">
<subfield code="a">DK508.9.C48</subfield>
<subfield code="b">Z57 2017</subfield>
</datafield>
<datafield tag="100" ind1="1" ind2=" ">
<subfield code="6">880-01</subfield>
<subfield code="a">Zin&#697;ko, E. A.,</subfield>
<subfield code="e">author.</subfield>
</datafield>
<datafield tag="245" ind1="1" ind2="0">
<subfield code="6">880-02</subfield>
<subfield code="a">Gruntovye sklepy nekropoli&#865;a Pantikapei&#865;a - Bospora :</subfield>
<subfield code="b">(issledovanii&#865;a 1996-2009 gg.) /</subfield>
<subfield code="c">E.A. Zin&#697;ko.</subfield>
</datafield>
<datafield tag="246" ind1="3" ind2="0">
<subfield code="a">The ground crypts of Panticapaeum - the Bosporus necropolis (1996-2009 research)</subfield>
</datafield>
<datafield tag="264" ind1=" " ind2="1">
<subfield code="6">880-03</subfield>
<subfield code="a">Simferopol&#697; ;</subfield>
<subfield code="a">Kerch&#697; :</subfield>
<subfield code="b">NIT&#865;s IAK KFU im. V.I. Vernadskogo ;</subfield>
<subfield code="b">T&#865;sentr arkheologicheskikh issledovani&#301; BF "Demetra",</subfield>
<subfield code="c">2017.</subfield>
</datafield>
<datafield tag="300" ind1=" " ind2=" ">
<subfield code="a">209 pages :</subfield>
<subfield code="b">illustrations ;</subfield>
<subfield code="c">30 cm</subfield>
</datafield>
<datafield tag="336" ind1=" " ind2=" ">
<subfield code="a">text</subfield>
<subfield code="2">rdacontent</subfield>
</datafield>
<datafield tag="337" ind1=" " ind2=" ">
<subfield code="a">unmediated</subfield>
<subfield code="2">rdamedia</subfield>
</datafield>
<datafield tag="338" ind1=" " ind2=" ">
<subfield code="a">volume</subfield>
<subfield code="2">rdacarrier</subfield>
</datafield>
<datafield tag="490" ind1="1" ind2=" ">
<subfield code="a">Bosporskie issledovanii&#865;a = Bosruros studies. Supplementum ;</subfield>
<subfield code="v">16</subfield>
</datafield>
<datafield tag="546" ind1=" " ind2=" ">
<subfield code="a">Added t.page and table of contents in English.</subfield>
</datafield>
<datafield tag="504" ind1=" " ind2=" ">
<subfield code="a">Includes bibliographical references.</subfield>
</datafield>
<datafield tag="650" ind1=" " ind2="0">
<subfield code="a">Mounds</subfield>
<subfield code="z">Ukraine</subfield>
<subfield code="z">Crimea.</subfield>
</datafield>
<datafield tag="650" ind1=" " ind2="0">
<subfield code="a">Burial</subfield>
<subfield code="z">Ukraine</subfield>
<subfield code="z">Crimea.</subfield>
</datafield>
<datafield tag="651" ind1=" " ind2="0">
<subfield code="a">Crimea (Ukraine)</subfield>
<subfield code="x">Antiquities.</subfield>
</datafield>
<datafield tag="650" ind1=" " ind2="0">
<subfield code="a">Excavations (Archaeology)</subfield>
<subfield code="z">Ukraine</subfield>
<subfield code="z">Crimea.</subfield>
</datafield>
<datafield tag="651" ind1=" " ind2="0">
<subfield code="a">Cimmerian Bosporus (Kingdom)</subfield>
<subfield code="x">Antiquities.</subfield>
</datafield>
<datafield tag="710" ind1="2" ind2=" ">
<subfield code="a">Blahodi&#301;ny&#301; fond "Demetra",</subfield>
<subfield code="e">sponsoring body.</subfield>
</datafield>
<datafield tag="880" ind1="1" ind2=" ">
<subfield code="6">100-01/</subfield>
<subfield code="a">&#1047;&#1080;&#1085;&#1100;&#1082;&#1086;, &#1045;.&#1040;.,</subfield>
<subfield code="e">&#1072;uthor.</subfield>
</datafield>
<datafield tag="880" ind1="1" ind2="0">
<subfield code="6">245-02/</subfield>
<subfield code="a">&#1043;&#1088;&#1091;&#1085;&#1090;&#1086;&#1074;&#1099;&#1077; &#1089;&#1082;&#1083;&#1077;&#1087;&#1099; &#1085;&#1077;&#1082;&#1088;&#1086;&#1087;&#1086;&#1083;&#1103; &#1055;&#1072;&#1085;&#1090;&#1080;&#1082;&#1072;&#1087;&#1077;&#1103; - &#1041;&#1086;&#1089;&#1087;&#1086;&#1088;&#1072; :</subfield>
<subfield code="b">(&#1080;&#1089;&#1089;&#1083;&#1077;&#1076;&#1086;&#1074;&#1072;&#1085;&#1080;&#1103; 1996-2009 &#1075;&#1075;.) /</subfield>
<subfield code="c">&#1045;.&#1040;. &#1047;&#1080;&#1085;&#1100;&#1082;&#1086;.</subfield>
</datafield>
<datafield tag="880" ind1=" " ind2="1">
<subfield code="6">264-03/</subfield>
<subfield code="a">&#1057;&#1080;&#1084;&#1092;&#1077;&#1088;&#1086;&#1087;&#1086;&#1083;&#1100; ;</subfield>
<subfield code="a">&#1050;&#1077;&#1088;&#1095;&#1100; :</subfield>
<subfield code="b">&#1053;&#1048;&#1062; &#1048;&#1040;&#1050; &#1050;&#1060;&#1059; &#1080;&#1084;. &#1042;.&#1048;. &#1042;&#1077;&#1088;&#1085;&#1072;&#1076;&#1089;&#1082;&#1086;&#1075;&#1086; ;</subfield>
<subfield code="b">&#1062;&#1077;&#1085;&#1090;&#1088; &#1072;&#1088;&#1093;&#1077;&#1086;&#1083;&#1086;&#1075;&#1080;&#1095;&#1077;&#1089;&#1082;&#1080;&#1093; &#1080;&#1089;&#1089;&#1083;&#1077;&#1076;&#1086;&#1074;&#1072;&#1085;&#1080;&#1081; &#1041;&#1060; "&#1044;&#1077;&#1084;&#1077;&#1090;&#1088;&#1072;",</subfield>
<subfield code="c">2017.</subfield>
</datafield>
<datafield tag="830" ind1=" " ind2="0">
<subfield code="a">Bosporskie issledovanii&#865;a.</subfield>
<subfield code="p">Supplementum ;</subfield>
<subfield code="v">16.</subfield>
</datafield>
<datafield tag="OWN" ind1=" " ind2=" ">
<subfield code="a">GENERAL</subfield>
</datafield>
<datafield tag="AVA" ind1=" " ind2=" ">
<subfield code="a">NYU50</subfield>
<subfield code="b">NISAW</subfield>
<subfield code="c">Large Collection</subfield>
<subfield code="d">DK508.9.C48 Z57 2017 Non-circulating</subfield>
<subfield code="e">unavailable</subfield>
<subfield code="t">Unavailable</subfield>
<subfield code="f">1</subfield>
<subfield code="g">1</subfield>
<subfield code="h">N</subfield>
<subfield code="i">0</subfield>
<subfield code="j">LARGE</subfield>
<subfield code="k">0</subfield>
</datafield>
</record>