<record xmlns="http://www.loc.gov/MARC21/slim" xmlns:xsi="http://www.w3.org/2001/XMLSchema-instance" xsi:schemaLocation="http://www.loc.gov/MARC21/slim http://www.loc.gov/standards/marcxml/schema/MARC21slim.xsd">
<leader>00000cam a22      a 4500</leader>
<controlfield tag="FMT">BK</controlfield>
<controlfield tag="LDR">00000cam a22      a 4500</controlfield>
<controlfield tag="001">006225514</controlfield>
<controlfield tag="005">20180712102628.0</controlfield>
<controlfield tag="008">180712s1996    un ab    b    000 0 ruso</controlfield>
<datafield tag="010" ind1=" " ind2=" ">
<subfield code="a">   97106235</subfield>
</datafield>
<datafield tag="020" ind1=" " ind2=" ">
<subfield code="a">5856540557</subfield>
</datafield>
<datafield tag="020" ind1=" " ind2=" ">
<subfield code="a">9785856540559</subfield>
</datafield>
<datafield tag="035" ind1=" " ind2=" ">
<subfield code="a">(OCoLC)37371033</subfield>
<subfield code="z">(OCoLC)36951319</subfield>
</datafield>
<datafield tag="040" ind1=" " ind2=" ">
<subfield code="a">DLC</subfield>
<subfield code="b">eng</subfield>
<subfield code="c">DLC</subfield>
<subfield code="d">OCLCQ</subfield>
<subfield code="d">OCLCO</subfield>
<subfield code="d">OCLCF</subfield>
<subfield code="d">OCLCQ</subfield>
<subfield code="d">OCLCO</subfield>
<subfield code="d">OCLCA</subfield>
<subfield code="d">ZYU</subfield>
</datafield>
<datafield tag="043" ind1=" " ind2=" ">
<subfield code="a">e-un---</subfield>
</datafield>
<datafield tag="050" ind1="0" ind2="0">
<subfield code="a">DK508.9.K78</subfield>
<subfield code="b">K65 1996</subfield>
</datafield>
<datafield tag="100" ind1="1" ind2=" ">
<subfield code="6">880-01</subfield>
<subfield code="a">Kolotukhin, V. A.,</subfield>
<subfield code="e">author.</subfield>
</datafield>
<datafield tag="245" ind1="1" ind2="0">
<subfield code="6">880-02</subfield>
<subfield code="a">Gorny&#301; Krym v &#279;pokhu pozdne&#301; bronzy, nachale zheleznogo veka :</subfield>
<subfield code="b">&#279;tnokul&#697;turnye prot&#865;sessy) /</subfield>
<subfield code="c">V.A. Kolotukhin.</subfield>
</datafield>
<datafield tag="246" ind1="1" ind2=" ">
<subfield code="i">Title on colophon:</subfield>
<subfield code="a">Hirs&#697;ky&#301; Krym v epokhu pizn&#697;o&#239; bronzy, pochatku zaliznoho viku</subfield>
</datafield>
<datafield tag="260" ind1=" " ind2=" ">
<subfield code="6">880-03</subfield>
<subfield code="a">Kiev :</subfield>
<subfield code="b">Izd-vo "I&#865;Uzhnogorodskie vedomosti",</subfield>
<subfield code="c">1996.</subfield>
</datafield>
<datafield tag="300" ind1=" " ind2=" ">
<subfield code="a">157 pages :</subfield>
<subfield code="b">illustrations, maps ;</subfield>
<subfield code="c">20 cm.</subfield>
</datafield>
<datafield tag="336" ind1=" " ind2=" ">
<subfield code="a">text</subfield>
<subfield code="b">txt</subfield>
<subfield code="2">rdacontent</subfield>
</datafield>
<datafield tag="337" ind1=" " ind2=" ">
<subfield code="a">unmediated</subfield>
<subfield code="b">n</subfield>
<subfield code="2">rdamedia</subfield>
</datafield>
<datafield tag="338" ind1=" " ind2=" ">
<subfield code="a">volume</subfield>
<subfield code="b">nc</subfield>
<subfield code="2">rdacarrier</subfield>
</datafield>
<datafield tag="490" ind1="1" ind2=" ">
<subfield code="a">Zoloto&#301; skif</subfield>
</datafield>
<datafield tag="490" ind1="1" ind2=" ">
<subfield code="a">Materialy po arkheologii Kryma ;</subfield>
<subfield code="v">3</subfield>
</datafield>
<datafield tag="500" ind1=" " ind2=" ">
<subfield code="a">ISAW copy is from the library of Aleksandr Leskov.</subfield>
<subfield code="5">NyNyUAW</subfield>
</datafield>
<datafield tag="500" ind1=" " ind2=" ">
<subfield code="a">Title on colophon: Hyrs&#697;ky&#301; Krym v epokhu pizn&#697;o&#239; bronzy - pocharku zalyznogo vyku.</subfield>
</datafield>
<datafield tag="500" ind1=" " ind2=" ">
<subfield code="6">880-04</subfield>
<subfield code="a">At head of title: Nat&#865;sional&#697;nai&#865;a akademii&#865;a nauk Ukrainy. Krymski&#301; filial Instituta arkheologii.</subfield>
</datafield>
<datafield tag="504" ind1=" " ind2=" ">
<subfield code="a">Includes bibliographical references (pages 90-97).</subfield>
</datafield>
<datafield tag="651" ind1=" " ind2="0">
<subfield code="a">Crimea (Ukraine)</subfield>
<subfield code="x">Antiquities.</subfield>
</datafield>
<datafield tag="650" ind1=" " ind2="0">
<subfield code="a">Excavations (Archaeology)</subfield>
<subfield code="z">Ukraine</subfield>
<subfield code="z">Crimea.</subfield>
</datafield>
<datafield tag="710" ind1="2" ind2=" ">
<subfield code="a">Instytut arkheolohi&#239; (Nat&#865;sional&#697;na akademii&#865;a nauk Ukra&#239;ny).</subfield>
<subfield code="b">Kryms&#697;ky&#301; viddil.</subfield>
</datafield>
<datafield tag="730" ind1="0" ind2=" ">
<subfield code="a">Hyrs&#697;ky&#301; Krym v epokhu pizn&#697;o&#239; bronzy - pocharku zalyznogo vyku</subfield>
</datafield>
<datafield tag="700" ind1="1" ind2=" ">
<subfield code="a">Leskov, Aleksandr Mikha&#301;lovich,</subfield>
<subfield code="e">former owner.</subfield>
<subfield code="5">NyNyUAW</subfield>
</datafield>
<datafield tag="740" ind1="0" ind2=" ">
<subfield code="a">Leskov Collection.</subfield>
<subfield code="5">NyNyUAW</subfield>
</datafield>
<datafield tag="880" ind1="1" ind2=" ">
<subfield code="6">100-01/</subfield>
<subfield code="a">&#1050;&#1086;&#1083;&#1086;&#1090;&#1091;&#1093;&#1080;&#1085;, &#1042;. &#1040;.,</subfield>
<subfield code="e">&#1072;uthor.</subfield>
</datafield>
<datafield tag="880" ind1="1" ind2="0">
<subfield code="6">245-02/</subfield>
<subfield code="a">&#1043;&#1086;&#1088;&#1085;&#1099;&#1081; &#1050;&#1088;&#1099;&#1084; &#1074; &#1101;&#1087;&#1086;&#1093;&#1091; &#1087;&#1086;&#1079;&#1076;&#1085;&#1077;&#1081; &#1073;&#1088;&#1086;&#1085;&#1079;&#1099;, &#1085;&#1072;&#1095;&#1072;&#1083;&#1077; &#1078;&#1077;&#1083;&#1077;&#1079;&#1085;&#1086;&#1075;&#1086; &#1074;&#1077;&#1082;&#1072; :</subfield>
<subfield code="b">&#1101;&#1090;&#1085;&#1086;&#1082;&#1091;&#1083;&#1100;&#1090;&#1091;&#1088;&#1085;&#1099;&#1077; &#1087;&#1088;&#1086;&#1094;&#1077;&#1089;&#1089;&#1099;) /</subfield>
<subfield code="c">&#1042;.&#1040;. &#1050;&#1086;&#1083;&#1086;&#1090;&#1091;&#1093;&#1080;&#1085;.</subfield>
</datafield>
<datafield tag="880" ind1=" " ind2=" ">
<subfield code="6">260-03/</subfield>
<subfield code="a">&#1050;&#1080;&#1077;&#1074; :</subfield>
<subfield code="b">&#1048;&#1079;&#1076;-&#1074;&#1086; "&#1070;&#1078;&#1085;&#1086;&#1075;&#1086;&#1088;&#1086;&#1076;&#1089;&#1082;&#1080;&#1077; &#1074;&#1077;&#1076;&#1086;&#1084;&#1086;&#1089;&#1090;&#1080;",</subfield>
<subfield code="c">1996.</subfield>
</datafield>
<datafield tag="880" ind1=" " ind2=" ">
<subfield code="6">500-04/</subfield>
<subfield code="a">&#1040;t head of title: &#1053;&#1072;&#1094;&#1080;&#1086;&#1085;&#1072;&#1083;&#1100;&#1085;&#1072;&#1103; &#1072;&#1082;&#1072;&#1076;&#1077;&#1084;&#1080;&#1103; &#1085;&#1072;&#1091;&#1082; &#1059;&#1082;&#1088;&#1072;&#1080;&#1085;&#1099;. &#1050;&#1088;&#1099;&#1084;&#1089;&#1082;&#1080;&#1081; &#1092;&#1080;&#1083;&#1080;&#1072;&#1083; &#1048;&#1085;&#1089;&#1090;&#1080;&#1090;&#1091;&#1090;&#1072; &#1072;&#1088;&#1093;&#1077;&#1086;&#1083;&#1086;&#1075;&#1080;&#1080;.</subfield>
</datafield>
<datafield tag="830" ind1=" " ind2="0">
<subfield code="a">Zoloto&#301; skif.</subfield>
</datafield>
<datafield tag="830" ind1=" " ind2="0">
<subfield code="a">Materialy po arkheologii Kryma ;</subfield>
<subfield code="v">3.</subfield>
</datafield>
<datafield tag="OWN" ind1=" " ind2=" ">
<subfield code="a">GENERAL</subfield>
</datafield>
<datafield tag="AVA" ind1=" " ind2=" ">
<subfield code="a">NYU50</subfield>
<subfield code="b">NISAW</subfield>
<subfield code="c">Small Collection</subfield>
<subfield code="d">DK508.9.K78 K65 1996 Non-circulating</subfield>
<subfield code="e">unavailable</subfield>
<subfield code="t">Unavailable</subfield>
<subfield code="f">1</subfield>
<subfield code="g">1</subfield>
<subfield code="h">N</subfield>
<subfield code="i">0</subfield>
<subfield code="j">SMALL</subfield>
<subfield code="k">0</subfield>
</datafield>
</record>