<record xmlns="http://www.loc.gov/MARC21/slim" xmlns:xsi="http://www.w3.org/2001/XMLSchema-instance" xsi:schemaLocation="http://www.loc.gov/MARC21/slim http://www.loc.gov/standards/marcxml/schema/MARC21slim.xsd">
<leader>00000cam a22      a 4500</leader>
<controlfield tag="FMT">BK</controlfield>
<controlfield tag="LDR">00000cam a22      a 4500</controlfield>
<controlfield tag="001">006251713</controlfield>
<controlfield tag="005">20180718121332.0</controlfield>
<controlfield tag="008">180718m19949999un ab    b    000 0 rusod</controlfield>
<datafield tag="010" ind1=" " ind2=" ">
<subfield code="a">   97201756</subfield>
<subfield code="z">   98223363</subfield>
</datafield>
<datafield tag="020" ind1=" " ind2=" ">
<subfield code="a">9665990500</subfield>
<subfield code="q">(set)</subfield>
</datafield>
<datafield tag="020" ind1=" " ind2=" ">
<subfield code="a">9789665990505</subfield>
<subfield code="q">(set)</subfield>
</datafield>
<datafield tag="035" ind1=" " ind2=" ">
<subfield code="a">(OCoLC)34100206</subfield>
</datafield>
<datafield tag="040" ind1=" " ind2=" ">
<subfield code="a">CGU</subfield>
<subfield code="b">eng</subfield>
<subfield code="c">DLC</subfield>
<subfield code="d">UKMGB</subfield>
<subfield code="d">OCLCO</subfield>
<subfield code="d">OCLCF</subfield>
<subfield code="d">OCLCQ</subfield>
<subfield code="d">OCLCO</subfield>
<subfield code="d">OCLCA</subfield>
<subfield code="d">OCLCQ</subfield>
<subfield code="d">OCLCO</subfield>
<subfield code="d">OCLCQ</subfield>
<subfield code="d">OCLCO</subfield>
<subfield code="d">OCLCQ</subfield>
<subfield code="d">OCLCO</subfield>
<subfield code="d">ZYU</subfield>
</datafield>
<datafield tag="042" ind1=" " ind2=" ">
<subfield code="a">lccopycat</subfield>
</datafield>
<datafield tag="043" ind1=" " ind2=" ">
<subfield code="a">e-un---</subfield>
</datafield>
<datafield tag="050" ind1="0" ind2="0">
<subfield code="a">DK508.9.K78</subfield>
<subfield code="b">K654 1994</subfield>
</datafield>
<datafield tag="100" ind1="1" ind2=" ">
<subfield code="6">880-01</subfield>
<subfield code="a">Koltukhov, S. G.,</subfield>
<subfield code="e">author.</subfield>
</datafield>
<datafield tag="245" ind1="1" ind2="0">
<subfield code="6">880-02</subfield>
<subfield code="a">Kurgannye drevnosti Kryma :</subfield>
<subfield code="b">po materialam raskopok Severo-Krymskoi&#774; e&#775;kspedit&#65056;s&#65057;ii v ... /</subfield>
<subfield code="c">S.G. Koltukhov, A.E. Kislyi&#774;, G.N. Toshchev.</subfield>
</datafield>
<datafield tag="246" ind1="1" ind2=" ">
<subfield code="i">Vol. 3- has title on title page verso:</subfield>
<subfield code="a">Crimean antiquities of burial mounds</subfield>
</datafield>
<datafield tag="246" ind1="1" ind2=" ">
<subfield code="i">Vol. 2-3 has subtitle:</subfield>
<subfield code="a">Po materialam raskopok Severo-Krymskoi&#774; e&#775;kspedit&#65056;s&#65057;ii v 1993-1995 gg</subfield>
</datafield>
<datafield tag="260" ind1=" " ind2=" ">
<subfield code="a">Zaporozh&#697;e :</subfield>
<subfield code="b">Zaporozhskii&#774; gosudarstvennyi&#774; universitet,</subfield>
<subfield code="c">1994-</subfield>
</datafield>
<datafield tag="300" ind1=" " ind2=" ">
<subfield code="a">volumes :</subfield>
<subfield code="b">illustrations, maps ;</subfield>
<subfield code="c">21 cm</subfield>
</datafield>
<datafield tag="336" ind1=" " ind2=" ">
<subfield code="a">text</subfield>
<subfield code="b">txt</subfield>
<subfield code="2">rdacontent</subfield>
</datafield>
<datafield tag="337" ind1=" " ind2=" ">
<subfield code="a">unmediated</subfield>
<subfield code="b">n</subfield>
<subfield code="2">rdamedia</subfield>
</datafield>
<datafield tag="338" ind1=" " ind2=" ">
<subfield code="a">volume</subfield>
<subfield code="b">nc</subfield>
<subfield code="2">rdacarrier</subfield>
</datafield>
<datafield tag="500" ind1=" " ind2=" ">
<subfield code="6">880-03</subfield>
<subfield code="a">At head of title, t. 1-2: Krymskii&#774; filial Instituta arkheologii AN Ukrainy. Zaporozhskii&#774; gosudarstvennyi&#774; universitet; t. 3- : Krymskii&#774; filial Instituta arkheologii NANU. Zaporozhskii&#774; gosudarstvennyi&#774; universitet.</subfield>
</datafield>
<datafield tag="500" ind1=" " ind2=" ">
<subfield code="a">Vol. 2 by S.G. Koltukhov and G.N. Toshchev.</subfield>
</datafield>
<datafield tag="500" ind1=" " ind2=" ">
<subfield code="a">Vol. 3- by V.A. Kolotukhin and G.N. Toshchev.</subfield>
</datafield>
<datafield tag="500" ind1=" " ind2=" ">
<subfield code="a">ISAW copy of v. 1 is from the library of Aleksandr Leskov.</subfield>
<subfield code="5">NyNyUAW</subfield>
</datafield>
<datafield tag="504" ind1=" " ind2=" ">
<subfield code="a">Includes bibliographical references.</subfield>
</datafield>
<datafield tag="651" ind1=" " ind2="0">
<subfield code="a">Crimea (Ukraine)</subfield>
<subfield code="x">Antiquities.</subfield>
</datafield>
<datafield tag="650" ind1=" " ind2="0">
<subfield code="a">Mounds</subfield>
<subfield code="z">Ukraine</subfield>
<subfield code="z">Crimea.</subfield>
</datafield>
<datafield tag="650" ind1=" " ind2="0">
<subfield code="a">Excavations (Archaeology)</subfield>
<subfield code="z">Ukraine</subfield>
<subfield code="z">Crimea.</subfield>
</datafield>
<datafield tag="700" ind1="1" ind2=" ">
<subfield code="6">880-04</subfield>
<subfield code="a">Kislyi&#774;, A. E.,</subfield>
<subfield code="e">author.</subfield>
</datafield>
<datafield tag="700" ind1="1" ind2=" ">
<subfield code="6">880-05</subfield>
<subfield code="a">Toshchev, G. N.,</subfield>
<subfield code="e">author.</subfield>
</datafield>
<datafield tag="710" ind1="2" ind2=" ">
<subfield code="a">Instytut arkheolohii&#776; (Akademii&#65056;a&#65057; nauk Ukrai&#776;ns&#697;koi&#776; RSR),</subfield>
<subfield code="e">issuing body.</subfield>
</datafield>
<datafield tag="710" ind1="2" ind2=" ">
<subfield code="a">Zaporiz&#697;kyi&#774; derz&#65056;h&#65057;avnyi&#774; universytet,</subfield>
<subfield code="e">issuing body.</subfield>
</datafield>
<datafield tag="711" ind1="2" ind2=" ">
<subfield code="a">Severo-Krymskai&#65056;a&#65057; e&#775;kspedit&#65056;s&#65057;ii&#65056;a&#65057;</subfield>
<subfield code="d">(1961- )</subfield>
</datafield>
<datafield tag="700" ind1="1" ind2=" ">
<subfield code="a">Leskov, Aleksandr Mikha&#301;lovich,</subfield>
<subfield code="e">former owner.</subfield>
<subfield code="5">NyNyUAW</subfield>
</datafield>
<datafield tag="740" ind1="0" ind2=" ">
<subfield code="a">Leskov Collection.</subfield>
<subfield code="5">NyNyUAW</subfield>
</datafield>
<datafield tag="880" ind1="1" ind2=" ">
<subfield code="6">100-01/</subfield>
<subfield code="a">&#1050;&#1086;&#1083;&#1090;&#1091;&#1093;&#1086;&#1074;, &#1057;. &#1043;.,</subfield>
<subfield code="e">&#1072;uthor.</subfield>
</datafield>
<datafield tag="880" ind1="1" ind2="0">
<subfield code="6">245-02/</subfield>
<subfield code="a">&#1050;&#1091;&#1088;&#1075;&#1072;&#1085;&#1085;&#1099;&#1077; &#1076;&#1088;&#1077;&#1074;&#1085;&#1086;&#1089;&#1090;&#1080; &#1050;&#1088;&#1099;&#1084;&#1072; :</subfield>
<subfield code="b">&#1087;&#1086; &#1084;&#1072;&#1090;&#1077;&#1088;&#1080;&#1072;&#1083;&#1072;&#1084; &#1088;&#1072;&#1089;&#1082;&#1086;&#1087;&#1086;&#1082; &#1057;&#1077;&#1074;&#1077;&#1088;&#1086;-&#1050;&#1088;&#1099;&#1084;&#1089;&#1082;&#1086;&#1081; &#1101;&#1082;&#1089;&#1087;&#1077;&#1076;&#1080;&#1094;&#1080;&#1080; &#1074; ... /</subfield>
<subfield code="c">&#1057;.&#1043;. &#1050;&#1086;&#1083;&#1090;&#1091;&#1093;&#1086;&#1074;, &#1040;.&#1045;. &#1050;&#1080;&#1089;&#1083;&#1099;&#1081;, &#1043;.&#1053;. &#1058;&#1086;&#1097;&#1077;&#1074;.</subfield>
</datafield>
<datafield tag="880" ind1=" " ind2=" ">
<subfield code="6">500-03/</subfield>
<subfield code="a">&#1040;t head of title, &#1090;. 1-2: &#1050;&#1088;&#1099;&#1084;&#1089;&#1082;&#1080;&#1081; &#1092;&#1080;&#1083;&#1080;&#1072;&#1083; &#1048;&#1085;&#1089;&#1090;&#1080;&#1090;&#1091;&#1090;&#1072; &#1072;&#1088;&#1093;&#1077;&#1086;&#1083;&#1086;&#1075;&#1080;&#1080; &#1040;&#1053; &#1059;&#1082;&#1088;&#1072;&#1080;&#1085;&#1099;. &#1047;&#1072;&#1087;&#1086;&#1088;&#1086;&#1078;&#1089;&#1082;&#1080;&#1081; &#1075;&#1086;&#1089;&#1091;&#1076;&#1072;&#1088;&#1089;&#1090;&#1074;&#1077;&#1085;&#1085;&#1099;&#1081; &#1091;&#1085;&#1080;&#1074;&#1077;&#1088;&#1089;&#1080;&#1090;&#1077;&#1090;; &#1090;. 3- : &#1050;&#1088;&#1099;&#1084;&#1089;&#1082;&#1080;&#1081; &#1092;&#1080;&#1083;&#1080;&#1072;&#1083; &#1048;&#1085;&#1089;&#1090;&#1080;&#1090;&#1091;&#1090;&#1072; &#1072;&#1088;&#1093;&#1077;&#1086;&#1083;&#1086;&#1075;&#1080;&#1080; &#1053;&#1040;&#1053;&#1059;. &#1047;&#1072;&#1087;&#1086;&#1088;&#1086;&#1078;&#1089;&#1082;&#1080;&#1081; &#1075;&#1086;&#1089;&#1091;&#1076;&#1072;&#1088;&#1089;&#1090;&#1074;&#1077;&#1085;&#1085;&#1099;&#1081; &#1091;&#1085;&#1080;&#1074;&#1077;&#1088;&#1089;&#1080;&#1090;&#1077;&#1090;.</subfield>
</datafield>
<datafield tag="880" ind1="1" ind2=" ">
<subfield code="6">700-04/</subfield>
<subfield code="a">&#1050;&#1080;&#1089;&#1083;&#1099;&#1081;, &#1040;. &#1045;.,</subfield>
<subfield code="e">author.</subfield>
</datafield>
<datafield tag="880" ind1="1" ind2=" ">
<subfield code="6">700-05/</subfield>
<subfield code="a">&#1058;&#1086;&#1097;&#1077;&#1074;, &#1043;. &#1053;.,</subfield>
<subfield code="e">author.</subfield>
</datafield>
<datafield tag="OWN" ind1=" " ind2=" ">
<subfield code="a">GENERAL</subfield>
</datafield>
<datafield tag="AVA" ind1=" " ind2=" ">
<subfield code="a">NYU50</subfield>
<subfield code="b">NISAW</subfield>
<subfield code="c">Small Collection</subfield>
<subfield code="d">DK508.9.K78 K654 1994 Non-circulating</subfield>
<subfield code="e">unavailable</subfield>
<subfield code="t">Unavailable</subfield>
<subfield code="f">1</subfield>
<subfield code="g">1</subfield>
<subfield code="h">Y</subfield>
<subfield code="i">0</subfield>
<subfield code="j">SMALL</subfield>
<subfield code="k">0</subfield>
</datafield>
</record>