<record xmlns="http://www.loc.gov/MARC21/slim" xmlns:xsi="http://www.w3.org/2001/XMLSchema-instance" xsi:schemaLocation="http://www.loc.gov/MARC21/slim http://www.loc.gov/standards/marcxml/schema/MARC21slim.xsd">
<leader>00000cam a22     Ia 4500</leader>
<controlfield tag="FMT">BK</controlfield>
<controlfield tag="LDR">00000cam a22     Ia 4500</controlfield>
<controlfield tag="001">006254539</controlfield>
<controlfield tag="005">20180724133423.0</controlfield>
<controlfield tag="008">180724s1974    un a     b    000 0 rusod</controlfield>
<datafield tag="035" ind1=" " ind2=" ">
<subfield code="a">(OCoLC)45042241</subfield>
</datafield>
<datafield tag="040" ind1=" " ind2=" ">
<subfield code="a">EQO</subfield>
<subfield code="b">eng</subfield>
<subfield code="c">EQO</subfield>
<subfield code="d">OCLCQ</subfield>
<subfield code="d">OCLCG</subfield>
<subfield code="d">OCLCF</subfield>
<subfield code="d">OCLCO</subfield>
<subfield code="d">OCLCQ</subfield>
<subfield code="d">ZYU</subfield>
</datafield>
<datafield tag="043" ind1=" " ind2=" ">
<subfield code="a">e-un---</subfield>
</datafield>
<datafield tag="050" ind1=" " ind2="4">
<subfield code="a">DK508.95.C544</subfield>
<subfield code="b">K484 1974</subfield>
</datafield>
<datafield tag="245" ind1="0" ind2="0">
<subfield code="6">880-01</subfield>
<subfield code="a">Khersones Tavricheskii&#774; :</subfield>
<subfield code="b">remeslo i kul&#697;tura /</subfield>
<subfield code="c">pod redakt&#65056;s&#65057;iei&#780; I.A. Antonovoi&#774; i V.V. Borisovoi&#774;.</subfield>
</datafield>
<datafield tag="260" ind1=" " ind2=" ">
<subfield code="6">880-02</subfield>
<subfield code="a">Kiev :</subfield>
<subfield code="b">Izd-vo "Naukova dumka",</subfield>
<subfield code="c">1974.</subfield>
</datafield>
<datafield tag="300" ind1=" " ind2=" ">
<subfield code="a">101 pages :</subfield>
<subfield code="b">illustrations;</subfield>
<subfield code="c">22 cm</subfield>
</datafield>
<datafield tag="336" ind1=" " ind2=" ">
<subfield code="a">text</subfield>
<subfield code="b">txt</subfield>
<subfield code="2">rdacontent</subfield>
</datafield>
<datafield tag="337" ind1=" " ind2=" ">
<subfield code="a">unmediated</subfield>
<subfield code="b">n</subfield>
<subfield code="2">rdamedia</subfield>
</datafield>
<datafield tag="338" ind1=" " ind2=" ">
<subfield code="a">volume</subfield>
<subfield code="b">nc</subfield>
<subfield code="2">rdacarrier</subfield>
</datafield>
<datafield tag="500" ind1=" " ind2=" ">
<subfield code="a">ISAW copy is from the library of Aleksandr Leskov.</subfield>
<subfield code="5">NyNyUAW</subfield>
</datafield>
<datafield tag="504" ind1=" " ind2=" ">
<subfield code="a">Includes bibliographical references (pages 97-102).</subfield>
</datafield>
<datafield tag="650" ind1=" " ind2="0">
<subfield code="a">Christianity</subfield>
<subfield code="z">Ukraine</subfield>
<subfield code="z">Chersonese (Extinct city)</subfield>
</datafield>
<datafield tag="651" ind1=" " ind2="0">
<subfield code="a">Chersonese (Extinct city)</subfield>
<subfield code="x">Antiquities.</subfield>
</datafield>
<datafield tag="651" ind1=" " ind2="0">
<subfield code="a">Chersonese (Extinct city)</subfield>
<subfield code="x">History.</subfield>
</datafield>
<datafield tag="700" ind1="1" ind2=" ">
<subfield code="6">880-03</subfield>
<subfield code="a">Antonova, I. A.</subfield>
<subfield code="q">(Inna Anatol&#697;evna),</subfield>
<subfield code="e">editor.</subfield>
</datafield>
<datafield tag="700" ind1="1" ind2=" ">
<subfield code="6">880-04</subfield>
<subfield code="a">Borisova, V. V.,</subfield>
<subfield code="e">editor.</subfield>
</datafield>
<datafield tag="700" ind1="1" ind2=" ">
<subfield code="a">Leskov, Aleksandr Mikha&#301;lovich,</subfield>
<subfield code="e">former owner.</subfield>
<subfield code="5">NyNyUAW</subfield>
</datafield>
<datafield tag="740" ind1="0" ind2=" ">
<subfield code="a">Leskov Collection.</subfield>
<subfield code="5">NyNyUAW</subfield>
</datafield>
<datafield tag="880" ind1="0" ind2="0">
<subfield code="6">245-01/</subfield>
<subfield code="a">&#1061;&#1077;&#1088;&#1089;&#1086;&#1085;&#1077;&#1089; &#1058;&#1072;&#1074;&#1088;&#1080;&#1095;&#1077;&#1089;&#1082;&#1080;&#1081; :</subfield>
<subfield code="b">&#1088;&#1077;&#1084;&#1077;&#1089;&#1083;&#1086; &#1080; &#1082;&#1091;&#1083;&#1100;&#1090;&#1091;&#1088;&#1072; /</subfield>
<subfield code="c">&#1087;&#1086;&#1076; &#1088;&#1077;&#1076;&#1072;&#1082;&#1094;&#1080;e&#1081; &#1048;.&#1040;. &#1040;&#1085;&#1090;&#1086;&#1085;&#1086;&#1074;&#1086;&#1081; &#1080; &#1042;.&#1042;. &#1041;&#1086;&#1088;&#1080;&#1089;&#1086;&#1074;&#1086;&#1081;.</subfield>
</datafield>
<datafield tag="880" ind1=" " ind2=" ">
<subfield code="6">260-02/</subfield>
<subfield code="a">&#1050;&#1080;&#1077;&#1074; :</subfield>
<subfield code="b">&#1048;&#1079;&#1076;-&#1074;&#1086; "&#1053;&#1072;&#1091;&#1082;&#1086;&#1074;&#1072; &#1076;&#1091;&#1084;&#1082;&#1072;",</subfield>
<subfield code="c">1974.</subfield>
</datafield>
<datafield tag="880" ind1="1" ind2=" ">
<subfield code="6">700-03/</subfield>
<subfield code="a">&#1040;&#1085;&#1090;&#1086;&#1085;&#1086;&#1074;&#1072;, &#1048;. &#1040;.</subfield>
<subfield code="q">(&#1048;&#1085;&#1085;&#1072; &#1040;&#1085;&#1072;&#1090;&#1086;&#1083;&#1100;&#1077;&#1074;&#1085;&#1072;),</subfield>
<subfield code="e">editor.</subfield>
</datafield>
<datafield tag="880" ind1="1" ind2=" ">
<subfield code="6">700-04/</subfield>
<subfield code="a">&#1041;&#1086;&#1088;&#1080;&#1089;&#1086;&#1074;&#1072;, &#1042;. &#1042;.,</subfield>
<subfield code="e">&#1077;ditor.</subfield>
</datafield>
<datafield tag="OWN" ind1=" " ind2=" ">
<subfield code="a">GENERAL</subfield>
</datafield>
<datafield tag="AVA" ind1=" " ind2=" ">
<subfield code="a">NYU50</subfield>
<subfield code="b">NISAW</subfield>
<subfield code="c">Small Collection</subfield>
<subfield code="d">DK508.95.C544 K484 1974 Non-circulating</subfield>
<subfield code="e">unavailable</subfield>
<subfield code="t">Unavailable</subfield>
<subfield code="f">1</subfield>
<subfield code="g">1</subfield>
<subfield code="h">N</subfield>
<subfield code="i">0</subfield>
<subfield code="j">SMALL</subfield>
<subfield code="k">0</subfield>
</datafield>
</record>