<record xmlns="http://www.loc.gov/MARC21/slim" xmlns:xsi="http://www.w3.org/2001/XMLSchema-instance" xsi:schemaLocation="http://www.loc.gov/MARC21/slim http://www.loc.gov/standards/marcxml/schema/MARC21slim.xsd">
<leader>00000cam a22     Ii 4500</leader>
<controlfield tag="FMT">BK</controlfield>
<controlfield tag="LDR">00000cam a22     Ii 4500</controlfield>
<controlfield tag="001">006255979</controlfield>
<controlfield tag="005">20180727124331.0</controlfield>
<controlfield tag="008">180727s2017    ru a     b    000 0 rus d</controlfield>
<datafield tag="020" ind1=" " ind2=" ">
<subfield code="a">9785950058721</subfield>
</datafield>
<datafield tag="020" ind1=" " ind2=" ">
<subfield code="a">5950058720</subfield>
</datafield>
<datafield tag="035" ind1=" " ind2=" ">
<subfield code="a">(OCoLC)1039608506</subfield>
</datafield>
<datafield tag="040" ind1=" " ind2=" ">
<subfield code="a">EVIEW</subfield>
<subfield code="b">eng</subfield>
<subfield code="e">rda</subfield>
<subfield code="c">EVIEW</subfield>
<subfield code="d">ZWZ</subfield>
<subfield code="d">ZYU</subfield>
</datafield>
<datafield tag="050" ind1=" " ind2="4">
<subfield code="a">DK509</subfield>
<subfield code="b">.P78 2017</subfield>
</datafield>
<datafield tag="100" ind1="1" ind2=" ">
<subfield code="6">880-01</subfield>
<subfield code="a">Prokopenko, I&#865;U. A.</subfield>
<subfield code="q">(I&#865;Uri&#301; Anatol&#697;evich),</subfield>
<subfield code="e">author.</subfield>
</datafield>
<datafield tag="245" ind1="1" ind2="0">
<subfield code="6">880-02</subfield>
<subfield code="a">T&#865;Sentral&#697;noe Predkavkaz&#697;e v prostranstve vlii&#865;anii&#865;a Velikogo Shelkovogo puti i drugikh transkavkazskikh torgovykh magistrale&#301; v V--nachale XIII v. =</subfield>
<subfield code="b">Central Ciscaucasia in the space of the Great Silk road and other transcaucasian trade route of the influence in the V--beginning of the XIII century /</subfield>
<subfield code="c">I&#865;U.A. Prokopenko, S.F. Chaplygina.</subfield>
</datafield>
<datafield tag="246" ind1="3" ind2="1">
<subfield code="a">Central Ciscaucasia in the space of the Great Silk road and other transcaucasian trade route of the influence in the V--beginning of the XIII century</subfield>
</datafield>
<datafield tag="264" ind1=" " ind2="1">
<subfield code="6">880-03</subfield>
<subfield code="a">Stavropol&#697; :</subfield>
<subfield code="b">Pechatny&#301; dvor,</subfield>
<subfield code="c">2017.</subfield>
</datafield>
<datafield tag="300" ind1=" " ind2=" ">
<subfield code="a">272 pages :</subfield>
<subfield code="b">illustrations (some color) ;</subfield>
<subfield code="c">29 cm</subfield>
</datafield>
<datafield tag="336" ind1=" " ind2=" ">
<subfield code="a">text</subfield>
<subfield code="b">txt</subfield>
<subfield code="2">rdacontent</subfield>
</datafield>
<datafield tag="337" ind1=" " ind2=" ">
<subfield code="a">unmediated</subfield>
<subfield code="b">n</subfield>
<subfield code="2">rdamedia</subfield>
</datafield>
<datafield tag="338" ind1=" " ind2=" ">
<subfield code="a">volume</subfield>
<subfield code="b">nc</subfield>
<subfield code="2">rdacarrier</subfield>
</datafield>
<datafield tag="500" ind1=" " ind2=" ">
<subfield code="6">880-04</subfield>
<subfield code="a">"Nauchnoe izdanie"--Colophon.</subfield>
</datafield>
<datafield tag="500" ind1=" " ind2=" ">
<subfield code="6">880-05</subfield>
<subfield code="a">At head of title: Ministerstvo obrazovanii&#865;a i nauki Rossi&#301;sko&#301; Federat&#865;sii and 2 others</subfield>
</datafield>
<datafield tag="504" ind1=" " ind2=" ">
<subfield code="a">Includes bibliographical references</subfield>
</datafield>
<datafield tag="651" ind1=" " ind2="0">
<subfield code="a">Caucasus</subfield>
<subfield code="x">Antiquities.</subfield>
</datafield>
<datafield tag="650" ind1=" " ind2="0">
<subfield code="a">Excavations (Archaeology)</subfield>
<subfield code="z">Caucasus.</subfield>
</datafield>
<datafield tag="651" ind1=" " ind2="0">
<subfield code="a">Caucasus</subfield>
<subfield code="x">Civilization.</subfield>
</datafield>
<datafield tag="700" ind1="1" ind2=" ">
<subfield code="6">880-06</subfield>
<subfield code="a">Chaplygina, Svetlana Fedorovna,</subfield>
<subfield code="e">author.</subfield>
</datafield>
<datafield tag="710" ind1="1" ind2=" ">
<subfield code="6">880-07</subfield>
<subfield code="a">Russia (Federation).</subfield>
<subfield code="b">Ministerstvo obrazovanii&#865;a i nauki,</subfield>
<subfield code="e">sponsoring body.</subfield>
</datafield>
<datafield tag="880" ind1="1" ind2=" ">
<subfield code="6">100-01/</subfield>
<subfield code="a">&#1055;&#1088;&#1086;&#1082;&#1086;&#1087;&#1077;&#1085;&#1082;&#1086;, &#1070;. &#1040;.</subfield>
<subfield code="q">(&#1070;&#1088;&#1080;&#1081; &#1040;&#1085;&#1072;&#1090;&#1086;&#1083;&#1100;&#1077;&#1074;&#1080;&#1095;),</subfield>
<subfield code="e">&#1072;uthor.</subfield>
</datafield>
<datafield tag="880" ind1="1" ind2="0">
<subfield code="6">245-02/</subfield>
<subfield code="a">&#1062;&#1077;&#1085;&#1090;&#1088;&#1072;&#1083;&#1100;&#1085;&#1086;&#1077; &#1055;&#1088;&#1077;&#1076;&#1082;&#1072;&#1074;&#1082;&#1072;&#1079;&#1100;&#1077; &#1074; &#1087;&#1088;&#1086;&#1089;&#1090;&#1088;&#1072;&#1085;&#1089;&#1090;&#1074;&#1077; &#1074;&#1083;&#1080;&#1103;&#1085;&#1080;&#1103; &#1042;&#1077;&#1083;&#1080;&#1082;&#1086;&#1075;&#1086; &#1064;&#1077;&#1083;&#1082;&#1086;&#1074;&#1086;&#1075;&#1086; &#1087;&#1091;&#1090;&#1080; &#1080; &#1076;&#1088;&#1091;&#1075;&#1080;&#1093; &#1090;&#1088;&#1072;&#1085;&#1089;&#1082;&#1072;&#1074;&#1082;&#1072;&#1079;&#1089;&#1082;&#1080;&#1093; &#1090;&#1086;&#1088;&#1075;&#1086;&#1074;&#1099;&#1093; &#1084;&#1072;&#1075;&#1080;&#1089;&#1090;&#1088;&#1072;&#1083;&#1077;&#1081; &#1074; V--&#1085;&#1072;&#1095;&#1072;&#1083;&#1077; &#1061;III &#1074;. =</subfield>
<subfield code="b">Central Ciscaucasia in the space of the Great Silk road and other transcaucasian trade route of the influence in the V--beginning of the XIII century /</subfield>
<subfield code="c">&#1070;.&#1040;. &#1055;&#1088;&#1086;&#1082;&#1086;&#1087;&#1077;&#1085;&#1082;&#1086;, &#1057;.&#1060;. &#1063;&#1072;&#1087;&#1083;&#1099;&#1075;&#1080;&#1085;&#1072;.</subfield>
</datafield>
<datafield tag="880" ind1=" " ind2="1">
<subfield code="6">264-03/</subfield>
<subfield code="a">&#1057;&#1090;&#1072;&#1074;&#1088;&#1086;&#1087;&#1086;&#1083;&#1100; :</subfield>
<subfield code="b">&#1055;&#1077;&#1095;&#1072;&#1090;&#1085;&#1099;&#1081; &#1076;&#1074;&#1086;&#1088;,</subfield>
<subfield code="c">2017.</subfield>
</datafield>
<datafield tag="880" ind1=" " ind2=" ">
<subfield code="6">500-04/</subfield>
<subfield code="a">"&#1053;&#1072;&#1091;&#1095;&#1085;&#1086;&#1077; &#1080;&#1079;&#1076;&#1072;&#1085;&#1080;&#1077;"--Colophon.</subfield>
</datafield>
<datafield tag="880" ind1=" " ind2=" ">
<subfield code="6">500-05/</subfield>
<subfield code="a">&#1040;t head of title: &#1052;&#1080;&#1085;&#1080;&#1089;&#1090;&#1077;&#1088;&#1089;&#1090;&#1074;&#1086; &#1086;&#1073;&#1088;&#1072;&#1079;&#1086;&#1074;&#1072;&#1085;&#1080;&#1103; &#1080; &#1085;&#1072;&#1091;&#1082;&#1080; &#1056;&#1086;&#1089;&#1089;&#1080;&#1081;&#1089;&#1082;&#1086;&#1081; &#1060;&#1077;&#1076;&#1077;&#1088;&#1072;&#1094;&#1080;&#1080; and 2 others.</subfield>
</datafield>
<datafield tag="880" ind1="1" ind2=" ">
<subfield code="6">700-06/</subfield>
<subfield code="a">&#1063;&#1072;&#1087;&#1083;&#1099;&#1075;&#1080;&#1085;&#1072;, &#1057;&#1074;&#1077;&#1090;&#1083;&#1072;&#1085;&#1072; &#1060;&#1077;&#1076;&#1086;&#1088;&#1086;&#1074;&#1085;&#1072;,</subfield>
<subfield code="e">&#1072;uthor.</subfield>
</datafield>
<datafield tag="880" ind1="2" ind2=" ">
<subfield code="6">710-07/</subfield>
<subfield code="a">&#1052;&#1080;&#1085;&#1080;&#1089;&#1090;&#1077;&#1088;&#1089;&#1090;&#1074;&#1086; &#1086;&#1073;&#1088;&#1072;&#1079;&#1086;&#1074;&#1072;&#1085;&#1080;&#1103; &#1080; &#1085;&#1072;&#1091;&#1082;&#1080; &#1056;&#1086;&#1089;&#1089;&#1080;&#1081;&#1089;&#1082;&#1086;&#1081; &#1060;&#1077;&#1076;&#1077;&#1088;&#1072;&#1094;&#1080;&#1080;,</subfield>
<subfield code="e">sponsoring body.</subfield>
</datafield>
<datafield tag="OWN" ind1=" " ind2=" ">
<subfield code="a">GENERAL</subfield>
</datafield>
<datafield tag="AVA" ind1=" " ind2=" ">
<subfield code="a">NYU50</subfield>
<subfield code="b">NISAW</subfield>
<subfield code="c">Large Collection</subfield>
<subfield code="d">DK509 .P78 2017 Non-circulating</subfield>
<subfield code="e">unavailable</subfield>
<subfield code="t">Unavailable</subfield>
<subfield code="f">1</subfield>
<subfield code="g">1</subfield>
<subfield code="h">N</subfield>
<subfield code="i">0</subfield>
<subfield code="j">LARGE</subfield>
<subfield code="k">0</subfield>
</datafield>
</record>