<record xmlns="http://www.loc.gov/MARC21/slim" xmlns:xsi="http://www.w3.org/2001/XMLSchema-instance" xsi:schemaLocation="http://www.loc.gov/MARC21/slim http://www.loc.gov/standards/marcxml/schema/MARC21slim.xsd">
<leader>00000nam a22     Ii 4500</leader>
<controlfield tag="FMT">BK</controlfield>
<controlfield tag="LDR">00000nam a22     Ii 4500</controlfield>
<controlfield tag="001">006255208</controlfield>
<controlfield tag="005">20180726133755.0</controlfield>
<controlfield tag="008">180726s2017    ru af    b    000 0 rusoc</controlfield>
<datafield tag="035" ind1=" " ind2=" ">
<subfield code="a">(OCoLC)1046077741</subfield>
</datafield>
<datafield tag="040" ind1=" " ind2=" ">
<subfield code="a">ZYU</subfield>
<subfield code="b">eng</subfield>
<subfield code="e">rda</subfield>
<subfield code="c">ZYU</subfield>
</datafield>
<datafield tag="050" ind1=" " ind2="4">
<subfield code="a">DK511.C2</subfield>
<subfield code="b">K584 2017</subfield>
</datafield>
<datafield tag="100" ind1="1" ind2=" ">
<subfield code="6">880-01</subfield>
<subfield code="a">Korobov, D. S.</subfield>
<subfield code="q">(Dmitri&#301; Sergeevich),</subfield>
<subfield code="e">author.</subfield>
</datafield>
<datafield tag="245" ind1="1" ind2="0">
<subfield code="6">880-02</subfield>
<subfield code="a">Sistema rasselenii&#865;a Alan T&#865;sentral&#697;nogo Predkavkaz&#697;i&#865;a v I tys. n.&#279;. /</subfield>
<subfield code="c">D.S. Korobov.</subfield>
</datafield>
<datafield tag="260" ind1=" " ind2=" ">
<subfield code="6">880-03</subfield>
<subfield code="a">Moskva ;</subfield>
<subfield code="a">Sankt-Peterburg :</subfield>
<subfield code="b">Nestor-Istorii&#865;a,</subfield>
<subfield code="c">2017.</subfield>
</datafield>
<datafield tag="300" ind1=" " ind2=" ">
<subfield code="a">2 volumes :</subfield>
<subfield code="b">illustrations ;</subfield>
<subfield code="c">30 cm</subfield>
</datafield>
<datafield tag="336" ind1=" " ind2=" ">
<subfield code="a">text</subfield>
<subfield code="b">txt</subfield>
<subfield code="2">rdacontent</subfield>
</datafield>
<datafield tag="337" ind1=" " ind2=" ">
<subfield code="a">unmediated</subfield>
<subfield code="b">n</subfield>
<subfield code="2">rdamedia</subfield>
</datafield>
<datafield tag="338" ind1=" " ind2=" ">
<subfield code="a">volume</subfield>
<subfield code="b">nc</subfield>
<subfield code="2">rdacarrier</subfield>
</datafield>
<datafield tag="500" ind1=" " ind2=" ">
<subfield code="6">880-04</subfield>
<subfield code="a">"Nauchnoe izdanie"--Colophon.</subfield>
</datafield>
<datafield tag="500" ind1=" " ind2=" ">
<subfield code="6">880-05</subfield>
<subfield code="a">At head of title: Federal&#697;noe gosudarstvennoe uchrezhdenie nauki. Institut arkheologii Rossi&#301;sko&#301; akademii nauk.</subfield>
</datafield>
<datafield tag="505" ind1="0" ind2=" ">
<subfield code="6">880-06</subfield>
<subfield code="a">t. 1. Landshaftnai&#865;a arkheologii&#865;a Kislovodsko&#301; kotloviny -- t. 2. Katalog poseleni&#301; Kislovodsko&#301; kotloviny .</subfield>
</datafield>
<datafield tag="650" ind1=" " ind2="0">
<subfield code="a">Alani</subfield>
<subfield code="x">Social life and customs.</subfield>
</datafield>
<datafield tag="650" ind1=" " ind2="0">
<subfield code="a">Ethnology</subfield>
<subfield code="z">Russia (Federation)</subfield>
<subfield code="z">Caucasus, Northern.</subfield>
</datafield>
<datafield tag="650" ind1=" " ind2="0">
<subfield code="a">Excavations (Archaeology)</subfield>
<subfield code="z">Russia (Federation)</subfield>
<subfield code="z">Caucasus, Northern.</subfield>
</datafield>
<datafield tag="710" ind1="2" ind2=" ">
<subfield code="6">880-07</subfield>
<subfield code="a">Federal&#697;noe gosudarstvennoe uchrezhdenie nauki,</subfield>
<subfield code="e">sponsoring body.</subfield>
</datafield>
<datafield tag="710" ind1="2" ind2=" ">
<subfield code="6">880-08</subfield>
<subfield code="a">Institut arkheologii (Rossi&#301;skai&#865;a akademii&#865;a nauk),</subfield>
<subfield code="e">sponsoring body.</subfield>
</datafield>
<datafield tag="880" ind1="1" ind2=" ">
<subfield code="6">100-01/</subfield>
<subfield code="a">&#1050;&#1086;&#1088;&#1086;&#1073;&#1086;&#1074;, &#1044;. &#1057;.</subfield>
<subfield code="q">(&#1044;&#1084;&#1080;&#1090;&#1088;&#1080;&#1081; &#1057;&#1077;&#1088;&#1075;&#1077;&#1077;&#1074;&#1080;&#1095;),</subfield>
<subfield code="e">author.</subfield>
</datafield>
<datafield tag="880" ind1="1" ind2="0">
<subfield code="6">245-02/</subfield>
<subfield code="a">&#1057;&#1080;&#1089;&#1090;&#1077;&#1084;&#1072; &#1088;&#1072;&#1089;&#1089;&#1077;&#1083;&#1077;&#1085;&#1080;&#1103; &#1040;&#1083;&#1072;&#1085; &#1062;&#1077;&#1085;&#1090;&#1088;&#1072;&#1083;&#1100;&#1085;&#1086;&#1075;&#1086; &#1055;&#1088;&#1077;&#1076;&#1082;&#1072;&#1074;&#1082;&#1072;&#1079;&#1100;&#1103; &#1074; I &#1090;&#1099;&#1089;. &#1085;.&#1101;. /</subfield>
<subfield code="c">&#1044;.&#1057;. &#1050;&#1086;&#1088;&#1086;&#1073;&#1086;&#1074;.</subfield>
</datafield>
<datafield tag="880" ind1=" " ind2=" ">
<subfield code="6">260-03/</subfield>
<subfield code="a">&#1052;&#1086;&#1089;&#1082;&#1074;&#1072; ;</subfield>
<subfield code="a">&#1057;&#1072;&#1085;&#1082;&#1090;-&#1055;&#1077;&#1090;&#1077;&#1088;&#1073;&#1091;&#1088;&#1075; :</subfield>
<subfield code="b">&#1053;&#1077;&#1089;&#1090;&#1086;&#1088;-&#1048;&#1089;&#1090;&#1086;&#1088;&#1080;&#1103;,</subfield>
<subfield code="c">2017.</subfield>
</datafield>
<datafield tag="880" ind1=" " ind2=" ">
<subfield code="6">500-04/</subfield>
<subfield code="a">"&#1053;&#1072;&#1091;&#1095;&#1085;&#1086;&#1077; &#1080;&#1079;&#1076;&#1072;&#1085;&#1080;&#1077;"--Colophon.</subfield>
</datafield>
<datafield tag="880" ind1=" " ind2=" ">
<subfield code="6">500-05/</subfield>
<subfield code="a">&#1040;t head of title: &#1060;&#1077;&#1076;&#1077;&#1088;&#1072;&#1083;&#1100;&#1085;&#1086;&#1077; &#1075;&#1086;&#1089;&#1091;&#1076;&#1072;&#1088;&#1089;&#1090;&#1074;&#1077;&#1085;&#1085;&#1086;&#1077; &#1091;&#1095;&#1088;&#1077;&#1078;&#1076;&#1077;&#1085;&#1080;&#1077; &#1085;&#1072;&#1091;&#1082;&#1080;. &#1048;&#1085;&#1089;&#1090;&#1080;&#1090;&#1091;&#1090; &#1072;&#1088;&#1093;&#1077;&#1086;&#1083;&#1086;&#1075;&#1080;&#1080; &#1056;&#1086;&#1089;&#1089;&#1080;&#1081;&#1089;&#1082;&#1086;&#1081; &#1072;&#1082;&#1072;&#1076;&#1077;&#1084;&#1080;&#1080; &#1085;&#1072;&#1091;&#1082;.</subfield>
</datafield>
<datafield tag="880" ind1="0" ind2=" ">
<subfield code="6">505-06/</subfield>
<subfield code="a">&#1090;. 1. &#1051;&#1072;&#1085;&#1076;&#1096;&#1072;&#1092;&#1090;&#1085;&#1072;&#1103; &#1072;&#1088;&#1093;&#1077;&#1086;&#1083;&#1086;&#1075;&#1080;&#1103; &#1050;&#1080;&#1089;&#1083;&#1086;&#1074;&#1086;&#1076;&#1089;&#1082;&#1086;&#1081; &#1082;&#1086;&#1090;&#1083;&#1086;&#1074;&#1080;&#1085;&#1099; -- &#1090;. 2. &#1050;&#1072;&#1090;&#1072;&#1083;&#1086;&#1075; &#1087;&#1086;&#1089;&#1077;&#1083;&#1077;&#1085;&#1080;&#1081; &#1050;&#1080;&#1089;&#1083;&#1086;&#1074;&#1086;&#1076;&#1089;&#1082;&#1086;&#1081; &#1082;&#1086;&#1090;&#1083;&#1086;&#1074;&#1080;&#1085;&#1099; .</subfield>
</datafield>
<datafield tag="880" ind1="2" ind2=" ">
<subfield code="6">710-07/</subfield>
<subfield code="a">&#1060;&#1077;&#1076;&#1077;&#1088;&#1072;&#1083;&#1100;&#1085;&#1086;&#1077; &#1075;&#1086;&#1089;&#1091;&#1076;&#1072;&#1088;&#1089;&#1090;&#1074;&#1077;&#1085;&#1085;&#1086;&#1077; &#1091;&#1095;&#1088;&#1077;&#1078;&#1076;&#1077;&#1085;&#1080;&#1077; &#1085;&#1072;&#1091;&#1082;&#1080;,</subfield>
<subfield code="e">sponsoring body.</subfield>
</datafield>
<datafield tag="880" ind1="2" ind2=" ">
<subfield code="6">710-08/</subfield>
<subfield code="a">&#1048;&#1085;&#1089;&#1090;&#1080;&#1090;&#1091;&#1090; &#1072;&#1088;&#1093;&#1077;&#1086;&#1083;&#1086;&#1075;&#1080;&#1080; (&#1056;&#1086;&#1089;&#1089;&#1080;&#1081;&#1089;&#1082;&#1072;&#1103; &#1072;&#1082;&#1072;&#1076;&#1077;&#1084;&#1080;&#1103; &#1085;&#1072;&#1091;&#1082;),</subfield>
<subfield code="e">sponsoring body.</subfield>
</datafield>
<datafield tag="OWN" ind1=" " ind2=" ">
<subfield code="a">GENERAL</subfield>
</datafield>
<datafield tag="AVA" ind1=" " ind2=" ">
<subfield code="a">NYU50</subfield>
<subfield code="b">NISAW</subfield>
<subfield code="c">Large Collection</subfield>
<subfield code="d">DK511.C2 K584 2017 Non-circulating</subfield>
<subfield code="e">unavailable</subfield>
<subfield code="t">Unavailable</subfield>
<subfield code="f">2</subfield>
<subfield code="g">2</subfield>
<subfield code="h">Y</subfield>
<subfield code="i">0</subfield>
<subfield code="j">LARGE</subfield>
<subfield code="k">0</subfield>
</datafield>
</record>