<record xmlns="http://www.loc.gov/MARC21/slim" xmlns:xsi="http://www.w3.org/2001/XMLSchema-instance" xsi:schemaLocation="http://www.loc.gov/MARC21/slim http://www.loc.gov/standards/marcxml/schema/MARC21slim.xsd">
<leader>00000cam a22     Ii 4500</leader>
<controlfield tag="FMT">BK</controlfield>
<controlfield tag="LDR">00000cam a22     Ii 4500</controlfield>
<controlfield tag="001">006253512</controlfield>
<controlfield tag="005">20180723090250.0</controlfield>
<controlfield tag="008">180723m19699999gs abf   b    100 0 rusod</controlfield>
<datafield tag="035" ind1=" " ind2=" ">
<subfield code="a">(OCoLC)21752686</subfield>
<subfield code="z">(OCoLC)19978481</subfield>
</datafield>
<datafield tag="040" ind1=" " ind2=" ">
<subfield code="a">CUY</subfield>
<subfield code="b">eng</subfield>
<subfield code="c">CUY</subfield>
<subfield code="d">EEM</subfield>
<subfield code="d">OCLCQ</subfield>
<subfield code="d">OCLCO</subfield>
<subfield code="d">OCLCF</subfield>
<subfield code="d">OCLCQ</subfield>
<subfield code="d">OCLCO</subfield>
<subfield code="d">OCLCA</subfield>
<subfield code="d">ZYU</subfield>
</datafield>
<datafield tag="043" ind1=" " ind2=" ">
<subfield code="a">a-gs---</subfield>
</datafield>
<datafield tag="050" ind1=" " ind2="4">
<subfield code="a">DK511.G32</subfield>
<subfield code="b">L62 1969</subfield>
</datafield>
<datafield tag="111" ind1="2" ind2=" ">
<subfield code="a">Kaxet&#699;is ark&#699;eologiuri ek&#699;spedic&#699;ia</subfield>
<subfield code="d">(1965-1966)</subfield>
</datafield>
<datafield tag="245" ind1="1" ind2="0">
<subfield code="6">880-01</subfield>
<subfield code="a">Trudy Kakhetskoi&#774; arkheologicheskoi&#774; e&#775;kspedit&#65056;s&#65057;ii (1965-1966 gg.) /</subfield>
<subfield code="c">[redaktor O.D. Lortkipanidze].</subfield>
</datafield>
<datafield tag="260" ind1=" " ind2=" ">
<subfield code="6">880-02</subfield>
<subfield code="a">Tbilisi :</subfield>
<subfield code="b">Izd-vo "Met&#65056;s&#65057;niereba",</subfield>
<subfield code="c">1969-</subfield>
</datafield>
<datafield tag="300" ind1=" " ind2=" ">
<subfield code="a">volumes :</subfield>
<subfield code="b">illustrations, folded maps ;</subfield>
<subfield code="c">25 cm</subfield>
</datafield>
<datafield tag="336" ind1=" " ind2=" ">
<subfield code="a">text</subfield>
<subfield code="b">txt</subfield>
<subfield code="2">rdacontent</subfield>
</datafield>
<datafield tag="337" ind1=" " ind2=" ">
<subfield code="a">unmediated</subfield>
<subfield code="b">n</subfield>
<subfield code="2">rdamedia</subfield>
</datafield>
<datafield tag="338" ind1=" " ind2=" ">
<subfield code="a">volume</subfield>
<subfield code="b">nc</subfield>
<subfield code="2">rdacarrier</subfield>
</datafield>
<datafield tag="500" ind1=" " ind2=" ">
<subfield code="6">880-03</subfield>
<subfield code="a">At head of title: Akademii&#65056;a&#65057; nauk Gruzinskoi&#774; SSR, Institut istorii, arkheologii i e&#775;tnografii im. I.A. Dzhavakhishvili. Ministerstvo meliorat&#65056;s&#65057;ii i vodnogo khozi&#65056;a&#65057;i&#774;stva Gruzinskoi&#774; SSR. Novostroi&#774;ki i arkheologii&#65056;a&#65057;.</subfield>
</datafield>
<datafield tag="500" ind1=" " ind2=" ">
<subfield code="a">ISAW copy is from the library of Aleksandr Leskov.</subfield>
<subfield code="5">NyNyUAW</subfield>
</datafield>
<datafield tag="504" ind1=" " ind2=" ">
<subfield code="a">Includes bibliographical references.</subfield>
</datafield>
<datafield tag="650" ind1=" " ind2="0">
<subfield code="a">Excavations (Archaeology)</subfield>
<subfield code="z">Georgia (Republic)</subfield>
</datafield>
<datafield tag="651" ind1=" " ind2="0">
<subfield code="a">Georgia (Republic)</subfield>
<subfield code="x">Antiquities.</subfield>
</datafield>
<datafield tag="651" ind1=" " ind2="0">
<subfield code="a">Kaxet&#699;i (Georgia)</subfield>
<subfield code="x">Antiquities.</subfield>
</datafield>
<datafield tag="700" ind1="1" ind2=" ">
<subfield code="6">880-04</subfield>
<subfield code="a">Lordkipanidze, Otar,</subfield>
<subfield code="d">1930-2002,</subfield>
<subfield code="e">editor.</subfield>
</datafield>
<datafield tag="710" ind1="2" ind2=" ">
<subfield code="a">Iv. Javaxis&#780;vilis saxelobis istoriis, ark&#699;eologiisa da et&#699;nograp&#699;iis instituti,</subfield>
<subfield code="e">issuing body.</subfield>
</datafield>
<datafield tag="700" ind1="1" ind2=" ">
<subfield code="a">Leskov, Aleksandr Mikha&#301;lovich,</subfield>
<subfield code="e">former owner.</subfield>
<subfield code="5">NyNyUAW</subfield>
</datafield>
<datafield tag="740" ind1="0" ind2=" ">
<subfield code="a">Leskov Collection.</subfield>
<subfield code="5">NyNyUAW</subfield>
</datafield>
<datafield tag="880" ind1="1" ind2="0">
<subfield code="6">245-01/</subfield>
<subfield code="a">&#1058;&#1088;&#1091;&#1076;&#1099; &#1050;&#1072;&#1093;&#1077;&#1090;&#1089;&#1082;&#1086;&#1081; &#1072;&#1088;&#1093;&#1077;&#1086;&#1083;&#1086;&#1075;&#1080;&#1095;&#1077;&#1089;&#1082;&#1086;&#1081; &#1101;&#1082;&#1089;&#1087;&#1077;&#1076;&#1080;&#1094;&#1080;&#1080; (1965-1966 &#1075;&#1075;.) /</subfield>
<subfield code="c">[&#1088;&#1077;&#1076;&#1072;&#1082;&#1090;&#1086;&#1088; &#1054;.&#1044;. &#1051;&#1086;&#1088;&#1090;&#1082;&#1080;&#1087;&#1072;&#1085;&#1080;&#1076;&#1079;&#1077;].</subfield>
</datafield>
<datafield tag="880" ind1=" " ind2=" ">
<subfield code="6">260-02/</subfield>
<subfield code="a">&#1058;&#1073;&#1080;&#1083;&#1080;&#1089;&#1080; :</subfield>
<subfield code="b">&#1048;&#1079;&#1076;-&#1074;&#1086; "&#1052;&#1077;&#1094;&#1085;&#1080;&#1077;&#1088;&#1077;&#1073;&#1072;",</subfield>
<subfield code="c">1969-</subfield>
</datafield>
<datafield tag="880" ind1=" " ind2=" ">
<subfield code="6">500-03/</subfield>
<subfield code="a">&#1040;t head of tile: &#1040;&#1082;&#1072;&#1076;&#1077;&#1084;&#1080;&#1103; &#1085;&#1072;&#1091;&#1082; &#1043;&#1088;&#1091;&#1079;&#1080;&#1085;&#1089;&#1082;&#1086;&#1081; &#1057;&#1057;&#1056;, &#1048;&#1085;&#1089;&#1090;&#1080;&#1090;&#1091;&#1090; &#1080;&#1089;&#1090;&#1086;&#1088;&#1080;&#1080;, &#1072;&#1088;&#1093;&#1077;&#1086;&#1083;&#1086;&#1075;&#1080;&#1080; &#1080; &#1101;&#1090;&#1085;&#1086;&#1075;&#1088;&#1072;&#1092;&#1080;&#1080; &#1080;&#1084;. &#1048;.&#1040;. &#1044;&#1078;&#1072;&#1074;&#1072;&#1093;&#1080;&#1096;&#1074;&#1080;&#1083;&#1080;. &#1052;&#1080;&#1085;&#1080;&#1089;&#1090;&#1077;&#1088;&#1089;&#1090;&#1074;&#1086; &#1084;&#1077;&#1083;&#1080;&#1086;&#1088;&#1072;&#1094;&#1080;&#1080; &#1080; &#1074;&#1086;&#1076;&#1085;&#1086;&#1075;&#1086; &#1093;&#1086;&#1079;&#1103;&#1081;&#1089;&#1090;&#1074;&#1072; &#1043;&#1088;&#1091;&#1079;&#1080;&#1085;&#1089;&#1082;&#1086;&#1081; &#1057;&#1057;&#1056;. &#1053;&#1086;&#1074;&#1086;&#1089;&#1090;&#1088;&#1086;&#1081;&#1082;&#1080; &#1080; &#1072;&#1088;&#1093;&#1077;&#1086;&#1083;&#1086;&#1075;&#1080;&#1103;.</subfield>
</datafield>
<datafield tag="880" ind1="1" ind2=" ">
<subfield code="6">700-04/</subfield>
<subfield code="a">&#1051;&#1086;&#1088;&#1076;&#1082;&#1080;&#1087;&#1072;&#1085;&#1080;&#1076;&#1079;&#1077;, &#1054;&#1090;&#1072;&#1088;,</subfield>
<subfield code="d">1930-2002,</subfield>
<subfield code="e">&#1077;ditor.</subfield>
</datafield>
<datafield tag="OWN" ind1=" " ind2=" ">
<subfield code="a">GENERAL</subfield>
</datafield>
<datafield tag="AVA" ind1=" " ind2=" ">
<subfield code="a">NYU50</subfield>
<subfield code="b">NISAW</subfield>
<subfield code="c">Small Collection</subfield>
<subfield code="d">DK511.G32 L62 1969 Non-circulating</subfield>
<subfield code="e">unavailable</subfield>
<subfield code="t">Unavailable</subfield>
<subfield code="f">1</subfield>
<subfield code="g">1</subfield>
<subfield code="h">Y</subfield>
<subfield code="i">0</subfield>
<subfield code="j">SMALL</subfield>
<subfield code="k">0</subfield>
</datafield>
</record>