<record xmlns="http://www.loc.gov/MARC21/slim" xmlns:xsi="http://www.w3.org/2001/XMLSchema-instance" xsi:schemaLocation="http://www.loc.gov/MARC21/slim http://www.loc.gov/standards/marcxml/schema/MARC21slim.xsd">
<leader>00000cam a22     Ia 4500</leader>
<controlfield tag="FMT">BK</controlfield>
<controlfield tag="LDR">00000cam a22     Ia 4500</controlfield>
<controlfield tag="001">006255159</controlfield>
<controlfield tag="005">20180726084236.0</controlfield>
<controlfield tag="008">870819s1963    ru a     b    000 0 rus d</controlfield>
<datafield tag="035" ind1=" " ind2=" ">
<subfield code="a">(OCoLC)78269589</subfield>
</datafield>
<datafield tag="040" ind1=" " ind2=" ">
<subfield code="a">YUS</subfield>
<subfield code="b">eng</subfield>
<subfield code="c">YUS</subfield>
<subfield code="d">OCLCG</subfield>
<subfield code="d">ZCU</subfield>
<subfield code="d">OCLCQ</subfield>
<subfield code="d">OCLCO</subfield>
<subfield code="d">OCLCQ</subfield>
<subfield code="d">OCLCF</subfield>
<subfield code="d">ZYU</subfield>
</datafield>
<datafield tag="043" ind1=" " ind2=" ">
<subfield code="a">e-ru---</subfield>
</datafield>
<datafield tag="050" ind1=" " ind2="4">
<subfield code="a">DK511.K16</subfield>
<subfield code="b">S55 1963</subfield>
</datafield>
<datafield tag="100" ind1="1" ind2=" ">
<subfield code="6">880-01</subfield>
<subfield code="a">Sinit&#865;syn, I. V.</subfield>
<subfield code="q">(Ivan Vasil&#697;evich),</subfield>
<subfield code="e">author.</subfield>
</datafield>
<datafield tag="245" ind1="1" ind2="0">
<subfield code="6">880-02</subfield>
<subfield code="a">Arkheologicheskie raskopki v Kalmyt&#865;sko&#301; ASSR v 1961 godu /</subfield>
<subfield code="c">I.V. Sinit&#865;syn i U.&#278;. &#278;rdniev.</subfield>
</datafield>
<datafield tag="260" ind1=" " ind2=" ">
<subfield code="6">880-03</subfield>
<subfield code="a">&#278;lista :</subfield>
<subfield code="b">Kalmgosizdat,</subfield>
<subfield code="c">1963.</subfield>
</datafield>
<datafield tag="300" ind1=" " ind2=" ">
<subfield code="a">59 pages :</subfield>
<subfield code="b">illustrations ;</subfield>
<subfield code="c">26 cm.</subfield>
</datafield>
<datafield tag="336" ind1=" " ind2=" ">
<subfield code="a">text</subfield>
<subfield code="b">txt</subfield>
<subfield code="2">rdacontent</subfield>
</datafield>
<datafield tag="337" ind1=" " ind2=" ">
<subfield code="a">unmediated</subfield>
<subfield code="b">n</subfield>
<subfield code="2">rdamedia</subfield>
</datafield>
<datafield tag="338" ind1=" " ind2=" ">
<subfield code="a">volume</subfield>
<subfield code="b">nc</subfield>
<subfield code="2">rdacarrier</subfield>
</datafield>
<datafield tag="490" ind1="0" ind2=" ">
<subfield code="a">Trudy Kalmyt&#865;skogo respublikanskogo kraevedcheskogo muzei&#865;a ;</subfield>
<subfield code="v">vyp. 1</subfield>
</datafield>
<datafield tag="500" ind1=" " ind2=" ">
<subfield code="a">ISAW copy is from the library of Aleksandr Leskov.</subfield>
<subfield code="5">NyNyUAW</subfield>
</datafield>
<datafield tag="500" ind1=" " ind2=" ">
<subfield code="6">880-04</subfield>
<subfield code="a">At head of title: Ministerstvo kul&#697;tury Kalmyt&#865;sko&#301; ASSR.</subfield>
</datafield>
<datafield tag="504" ind1=" " ind2=" ">
<subfield code="a">Includes bibliographical references.</subfield>
</datafield>
<datafield tag="651" ind1=" " ind2="0">
<subfield code="a">Kalmyt&#865;skai&#865;a A.S.S.R. (R.S.F.S.R.)</subfield>
<subfield code="x">Antiquities.</subfield>
</datafield>
<datafield tag="650" ind1=" " ind2="0">
<subfield code="a">Excavations (Archaeology)</subfield>
<subfield code="z">Russia (Federation)</subfield>
<subfield code="z">Kalmyt&#865;skai&#865;a A.S.S.R.</subfield>
</datafield>
<datafield tag="700" ind1="1" ind2=" ">
<subfield code="6">880-05</subfield>
<subfield code="a">&#278;rdniev, U. &#278;.</subfield>
<subfield code="q">(Uri&#865;ubdzhur &#278;rdnievich),</subfield>
<subfield code="e">author.</subfield>
</datafield>
<datafield tag="710" ind1="2" ind2=" ">
<subfield code="6">880-06</subfield>
<subfield code="a">Kalmyt&#865;ski&#301; respublikanski&#301; kraevedcheski&#301; muze&#301; im. N.N. Pal&#697;mova,</subfield>
<subfield code="e">issuing body.</subfield>
</datafield>
<datafield tag="700" ind1="1" ind2=" ">
<subfield code="a">Leskov, Aleksandr Mikha&#301;lovich,</subfield>
<subfield code="e">former owner.</subfield>
<subfield code="5">NyNyUAW</subfield>
</datafield>
<datafield tag="740" ind1="0" ind2=" ">
<subfield code="a">Leskov Collection.</subfield>
<subfield code="5">NyNyUAW</subfield>
</datafield>
<datafield tag="880" ind1="1" ind2=" ">
<subfield code="6">100-01/</subfield>
<subfield code="a">&#1057;&#1080;&#1085;&#1080;&#1094;&#1099;&#1085;, &#1048;. &#1042;.</subfield>
<subfield code="q">(&#1048;&#1074;&#1072;&#1085; &#1042;&#1072;&#1089;&#1080;&#1083;&#1100;&#1077;&#1074;&#1080;&#1095;),</subfield>
<subfield code="e">author.</subfield>
</datafield>
<datafield tag="880" ind1="1" ind2="0">
<subfield code="6">245-02/</subfield>
<subfield code="a">&#1040;&#1088;&#1093;&#1077;&#1086;&#1083;&#1086;&#1075;&#1080;&#1095;&#1077;&#1089;&#1082;&#1080;&#1077; &#1088;&#1072;&#1089;&#1082;&#1086;&#1087;&#1082;&#1080; &#1074; &#1050;&#1072;&#1083;&#1084;&#1099;&#1094;&#1082;&#1086;&#1081; &#1040;&#1057;&#1057;&#1056; &#1074; 1961 &#1075;&#1086;&#1076;&#1091; /</subfield>
<subfield code="c">&#1048;.&#1042;. &#1057;&#1080;&#1085;&#1080;&#1094;&#1099;&#1085; &#1080; &#1059;.&#1069;. &#1069;&#1088;&#1076;&#1085;&#1080;&#1077;&#1074;.</subfield>
</datafield>
<datafield tag="880" ind1=" " ind2=" ">
<subfield code="6">260-03/</subfield>
<subfield code="a">&#1069;&#1083;&#1080;&#1089;&#1090;&#1072; :</subfield>
<subfield code="b">&#1050;&#1072;&#1083;&#1084;&#1075;&#1086;&#1089;&#1080;&#1079;&#1076;&#1072;&#1090;,</subfield>
<subfield code="c">1963.</subfield>
</datafield>
<datafield tag="880" ind1=" " ind2=" ">
<subfield code="6">500-04/</subfield>
<subfield code="a">&#1040;t head of title: &#1052;&#1080;&#1085;&#1080;&#1089;&#1090;&#1077;&#1088;&#1089;&#1090;&#1074;&#1086; &#1082;&#1091;&#1083;&#1100;&#1090;&#1091;&#1088;&#1099; &#1050;&#1072;&#1083;&#1084;&#1099;&#1094;&#1082;&#1086;&#1081; &#1040;&#1057;&#1057;&#1056;.</subfield>
</datafield>
<datafield tag="880" ind1="1" ind2=" ">
<subfield code="6">700-05/</subfield>
<subfield code="a">&#1069;&#1088;&#1076;&#1085;&#1080;&#1077;&#1074;, &#1059;. &#1069;.</subfield>
<subfield code="q">(&#1059;&#1088;&#1102;&#1073;&#1076;&#1078;&#1091;&#1088; &#1069;&#1088;&#1076;&#1085;&#1080;&#1077;&#1074;&#1080;&#1095;),</subfield>
<subfield code="e">&#1072;uthor.</subfield>
</datafield>
<datafield tag="880" ind1="2" ind2=" ">
<subfield code="6">710-06/</subfield>
<subfield code="a">&#1050;&#1072;&#1083;&#1084;&#1099;&#1094;&#1082;&#1080;&#1081; &#1088;&#1077;&#1089;&#1087;&#1091;&#1073;&#1083;&#1080;&#1082;&#1072;&#1085;&#1089;&#1082;&#1080;&#1081; &#1082;&#1088;&#1072;&#1077;&#1074;&#1077;&#1076;&#1095;&#1077;&#1089;&#1082;&#1080;&#1081; &#1084;&#1091;&#1079;&#1077;&#1081; &#1080;&#1084;. &#1053;.&#1053;. &#1055;&#1072;&#1083;&#1100;&#1084;&#1086;&#1074;&#1072;,</subfield>
<subfield code="e">issuing body.</subfield>
</datafield>
<datafield tag="994" ind1=" " ind2=" ">
<subfield code="a">Z0</subfield>
<subfield code="b">ZYU</subfield>
</datafield>
<datafield tag="OWN" ind1=" " ind2=" ">
<subfield code="a">GENERAL</subfield>
</datafield>
<datafield tag="AVA" ind1=" " ind2=" ">
<subfield code="a">NYU50</subfield>
<subfield code="b">NISAW</subfield>
<subfield code="c">Small Collection</subfield>
<subfield code="d">DK511.K16 S55 1963 Non-circulating</subfield>
<subfield code="e">unavailable</subfield>
<subfield code="t">Unavailable</subfield>
<subfield code="f">1</subfield>
<subfield code="g">1</subfield>
<subfield code="h">N</subfield>
<subfield code="i">0</subfield>
<subfield code="j">SMALL</subfield>
<subfield code="k">0</subfield>
</datafield>
</record>