<record xmlns="http://www.loc.gov/MARC21/slim" xmlns:xsi="http://www.w3.org/2001/XMLSchema-instance" xsi:schemaLocation="http://www.loc.gov/MARC21/slim http://www.loc.gov/standards/marcxml/schema/MARC21slim.xsd">
<leader>00000cas a2200361Ia 4500</leader>
<controlfield tag="FMT">SE</controlfield>
<controlfield tag="LDR">00000cas a2200361Ia 4500</controlfield>
<controlfield tag="001">006224465</controlfield>
<controlfield tag="003">OCoLC</controlfield>
<controlfield tag="005">20180706143320.0</controlfield>
<controlfield tag="008">180706u2006uuuuru uu         |   c0rusod</controlfield>
<datafield tag="035" ind1=" " ind2=" ">
<subfield code="a">(OCoLC)256098738</subfield>
</datafield>
<datafield tag="040" ind1=" " ind2=" ">
<subfield code="a">CUY</subfield>
<subfield code="b">eng</subfield>
<subfield code="c">CUY</subfield>
<subfield code="d">CGU</subfield>
<subfield code="d">OCLCQ</subfield>
<subfield code="d">OCLCF</subfield>
<subfield code="d">OCLCO</subfield>
<subfield code="d">CUY</subfield>
</datafield>
<datafield tag="043" ind1=" " ind2=" ">
<subfield code="a">e-uru--</subfield>
<subfield code="a">e-ru---</subfield>
</datafield>
<datafield tag="050" ind1=" " ind2="4">
<subfield code="a">DK511.U7</subfield>
<subfield code="b">V47</subfield>
</datafield>
<datafield tag="245" ind1="0" ind2="0">
<subfield code="6">880-01</subfield>
<subfield code="a">Vestnik Muzei&#865;a arkheologii i &#279;tnografii Permskogo Predural&#697;i&#865;a /</subfield>
<subfield code="c">Permski&#301; gosudarstvenny&#301; pedagogicheski&#301; universitet.</subfield>
</datafield>
<datafield tag="260" ind1=" " ind2=" ">
<subfield code="6">880-02</subfield>
<subfield code="a">Perm&#697; :</subfield>
<subfield code="b">Permski&#301; gosudarstvenny&#301; pedagogicheski&#301; universitet</subfield>
</datafield>
<datafield tag="300" ind1=" " ind2=" ">
<subfield code="a">v. :</subfield>
<subfield code="b">ill. ;</subfield>
<subfield code="c">29 cm.</subfield>
</datafield>
<datafield tag="362" ind1="1" ind2=" ">
<subfield code="a">Began with vypusk 1, published in 2006.</subfield>
</datafield>
<datafield tag="588" ind1=" " ind2=" ">
<subfield code="a">Description based on: Vypusk 1; title from title page.</subfield>
</datafield>
<datafield tag="588" ind1=" " ind2=" ">
<subfield code="a">Latest issue consulted: Vypusk 1.</subfield>
</datafield>
<datafield tag="651" ind1=" " ind2="0">
<subfield code="a">Ural Mountains Region (Russia)</subfield>
<subfield code="x">Antiquities</subfield>
<subfield code="v">Periodicals.</subfield>
</datafield>
<datafield tag="650" ind1=" " ind2="0">
<subfield code="a">Excavations (Archaeology)</subfield>
<subfield code="z">Russia (Federation)</subfield>
<subfield code="z">Ural Mountains Region</subfield>
<subfield code="v">Periodicals.</subfield>
</datafield>
<datafield tag="651" ind1=" " ind2="0">
<subfield code="a">Perm&#697; Region (Russia)</subfield>
<subfield code="x">Antiquities</subfield>
<subfield code="v">Periodicals.</subfield>
</datafield>
<datafield tag="650" ind1=" " ind2="7">
<subfield code="a">Antiquities.</subfield>
<subfield code="2">fast</subfield>
<subfield code="0">(OCoLC)fst00810745</subfield>
</datafield>
<datafield tag="650" ind1=" " ind2="7">
<subfield code="a">Excavations (Archaeology)</subfield>
<subfield code="2">fast</subfield>
<subfield code="0">(OCoLC)fst00917564</subfield>
</datafield>
<datafield tag="651" ind1=" " ind2="7">
<subfield code="a">Russia (Federation)</subfield>
<subfield code="z">Perm&#697; Region.</subfield>
<subfield code="2">fast</subfield>
<subfield code="0">(OCoLC)fst01349624</subfield>
</datafield>
<datafield tag="651" ind1=" " ind2="7">
<subfield code="a">Russia (Federation)</subfield>
<subfield code="z">Ural Mountains Region.</subfield>
<subfield code="2">fast</subfield>
<subfield code="0">(OCoLC)fst01241567</subfield>
</datafield>
<datafield tag="655" ind1=" " ind2="7">
<subfield code="a">Periodicals.</subfield>
<subfield code="2">fast</subfield>
<subfield code="0">(OCoLC)fst01411641</subfield>
</datafield>
<datafield tag="710" ind1="1" ind2=" ">
<subfield code="a">Russia (Federation).</subfield>
<subfield code="b">Federal&#697;noe agenstvo po obrazovanii&#865;u.</subfield>
</datafield>
<datafield tag="710" ind1="2" ind2=" ">
<subfield code="6">880-03</subfield>
<subfield code="a">Permski&#301; gosudarstvenny&#301; pedagogicheski&#301; universitet.</subfield>
</datafield>
<datafield tag="880" ind1="0" ind2="0">
<subfield code="6">245-01/</subfield>
<subfield code="a">&#1042;&#1077;&#1089;&#1090;&#1085;&#1080;&#1082; &#1052;&#1091;&#1079;&#1077;&#1103; &#1072;&#1088;&#1093;&#1077;&#1086;&#1083;&#1086;&#1075;&#1080;&#1080; &#1080; &#1101;&#1090;&#1085;&#1086;&#1075;&#1088;&#1072;&#1092;&#1080;&#1080; &#1055;&#1077;&#1088;&#1084;&#1089;&#1082;&#1086;&#1075;&#1086; &#1055;&#1088;&#1077;&#1076;&#1091;&#1088;&#1072;&#1083;&#1100;&#1103; /</subfield>
<subfield code="c">&#1055;&#1077;&#1088;&#1084;&#1089;&#1082;&#1080;&#1081; &#1075;&#1086;&#1089;&#1091;&#1076;&#1072;&#1088;&#1089;&#1090;&#1074;&#1077;&#1085;&#1085;&#1099;&#1081; &#1087;&#1077;&#1076;&#1072;&#1075;&#1086;&#1075;&#1080;&#1095;&#1077;&#1089;&#1082;&#1080;&#1081; &#1091;&#1085;&#1080;&#1074;&#1077;&#1088;&#1089;&#1080;&#1090;&#1077;&#1090;.</subfield>
</datafield>
<datafield tag="880" ind1=" " ind2=" ">
<subfield code="6">260-02/</subfield>
<subfield code="a">&#1055;&#1077;&#1088;&#1084;&#1100; :</subfield>
<subfield code="b">&#1055;&#1077;&#1088;&#1084;&#1089;&#1082;&#1080;&#1081; &#1075;&#1086;&#1089;&#1091;&#1076;&#1072;&#1088;&#1089;&#1090;&#1074;&#1077;&#1085;&#1085;&#1099;&#1081; &#1087;&#1077;&#1076;&#1072;&#1075;&#1086;&#1075;&#1080;&#1095;&#1077;&#1089;&#1082;&#1080;&#1081; &#1091;&#1085;&#1080;&#1074;&#1077;&#1088;&#1089;&#1080;&#1090;&#1077;&#1090;</subfield>
</datafield>
<datafield tag="880" ind1="2" ind2=" ">
<subfield code="6">710-03/</subfield>
<subfield code="a">&#1055;&#1077;&#1088;&#1084;&#1089;&#1082;&#1080;&#1081; &#1075;&#1086;&#1089;&#1091;&#1076;&#1072;&#1088;&#1089;&#1090;&#1074;&#1077;&#1085;&#1085;&#1099;&#1081; &#1087;&#1077;&#1076;&#1072;&#1075;&#1086;&#1075;&#1080;&#1095;&#1077;&#1089;&#1082;&#1080;&#1081; &#1091;&#1085;&#1080;&#1074;&#1077;&#1088;&#1089;&#1080;&#1090;&#1077;&#1090;.</subfield>
</datafield>
<datafield tag="994" ind1=" " ind2=" ">
<subfield code="a">Z0</subfield>
<subfield code="b">ZYU</subfield>
</datafield>
<datafield tag="OWN" ind1=" " ind2=" ">
<subfield code="a">GENERAL</subfield>
</datafield>
<datafield tag="AVA" ind1=" " ind2=" ">
<subfield code="a">NYU50</subfield>
<subfield code="b">NISAW</subfield>
<subfield code="c">Oak Collection</subfield>
<subfield code="d">DK511.U7 V47 Non-circulating</subfield>
<subfield code="e">available</subfield>
<subfield code="t">Available</subfield>
<subfield code="f">2</subfield>
<subfield code="g">0</subfield>
<subfield code="h">Y</subfield>
<subfield code="i">0</subfield>
<subfield code="j">OAK</subfield>
<subfield code="k">0</subfield>
</datafield>
</record>