<record xmlns="http://www.loc.gov/MARC21/slim" xmlns:xsi="http://www.w3.org/2001/XMLSchema-instance" xsi:schemaLocation="http://www.loc.gov/MARC21/slim http://www.loc.gov/standards/marcxml/schema/MARC21slim.xsd">
<leader>00000nam a22     Ii 4500</leader>
<controlfield tag="FMT">BK</controlfield>
<controlfield tag="LDR">00000nam a22     Ii 4500</controlfield>
<controlfield tag="001">006256003</controlfield>
<controlfield tag="005">20180727144332.0</controlfield>
<controlfield tag="008">180727s2016    ru a     b    000 0 rus</controlfield>
<datafield tag="020" ind1=" " ind2=" ">
<subfield code="a">9785975815415</subfield>
</datafield>
<datafield tag="020" ind1=" " ind2=" ">
<subfield code="a">597581541X</subfield>
</datafield>
<datafield tag="035" ind1=" " ind2=" ">
<subfield code="a">(OCoLC)1046449334</subfield>
</datafield>
<datafield tag="040" ind1=" " ind2=" ">
<subfield code="a">ZYU</subfield>
<subfield code="b">eng</subfield>
<subfield code="e">rda</subfield>
<subfield code="c">ZYU</subfield>
</datafield>
<datafield tag="050" ind1=" " ind2="4">
<subfield code="a">DK511.V65</subfield>
<subfield code="b">B725 2016</subfield>
</datafield>
<datafield tag="100" ind1="1" ind2=" ">
<subfield code="6">880-01</subfield>
<subfield code="a">Bratashova, S. A.</subfield>
<subfield code="q">(Svetlana Aleksandrovna),</subfield>
<subfield code="e">author.</subfield>
</datafield>
<datafield tag="245" ind1="1" ind2="0">
<subfield code="6">880-02</subfield>
<subfield code="a">Bashni Uveka :</subfield>
<subfield code="b">kompleksnoe izuchenie mnogoslo&#301;nogo arkheologicheskogo pami&#865;atnika na primere Uvekskogo gorodishcha /</subfield>
<subfield code="c">S.A. Bratashova.</subfield>
</datafield>
<datafield tag="260" ind1=" " ind2=" ">
<subfield code="6">880-03</subfield>
<subfield code="a">Saratov :</subfield>
<subfield code="b">[publisher not identified],</subfield>
<subfield code="c">2016.</subfield>
</datafield>
<datafield tag="300" ind1=" " ind2=" ">
<subfield code="a">46 pages :</subfield>
<subfield code="b">illustrations ;</subfield>
<subfield code="c">22 cm</subfield>
</datafield>
<datafield tag="336" ind1=" " ind2=" ">
<subfield code="a">text</subfield>
<subfield code="b">txt</subfield>
<subfield code="2">rdacontent</subfield>
</datafield>
<datafield tag="337" ind1=" " ind2=" ">
<subfield code="a">unmediated</subfield>
<subfield code="b">n</subfield>
<subfield code="2">rdamedia</subfield>
</datafield>
<datafield tag="338" ind1=" " ind2=" ">
<subfield code="a">volume</subfield>
<subfield code="b">nc</subfield>
<subfield code="2">rdacarrier</subfield>
</datafield>
<datafield tag="500" ind1=" " ind2=" ">
<subfield code="6">880-04</subfield>
<subfield code="a">"Nauchnoe izdanie"--Colophon.</subfield>
</datafield>
<datafield tag="504" ind1=" " ind2=" ">
<subfield code="a">Includes bibliographical references (pages 43-46).</subfield>
</datafield>
<datafield tag="650" ind1=" " ind2="0">
<subfield code="a">Excavations (Archaeology)</subfield>
<subfield code="z">Russia (Federation)</subfield>
<subfield code="z">Volga River Valley.</subfield>
</datafield>
<datafield tag="651" ind1=" " ind2="0">
<subfield code="a">Volga River Region (Russia)</subfield>
<subfield code="x">History, Local.</subfield>
</datafield>
<datafield tag="650" ind1=" " ind2="0">
<subfield code="a">Underground areas</subfield>
<subfield code="z">Russia (Federation)</subfield>
<subfield code="z">Volga River Valley.</subfield>
</datafield>
<datafield tag="880" ind1="1" ind2=" ">
<subfield code="6">100-01/</subfield>
<subfield code="a">&#1041;&#1088;&#1072;&#1090;&#1072;&#1096;&#1086;&#1074;&#1072;, &#1057;. &#1040;.</subfield>
<subfield code="q">(&#1057;&#1074;&#1077;&#1090;&#1083;&#1072;&#1085;&#1072; &#1040;&#1083;&#1077;&#1082;&#1089;&#1072;&#1085;&#1076;&#1088;&#1086;&#1074;&#1085;&#1072;),</subfield>
<subfield code="e">author.</subfield>
</datafield>
<datafield tag="880" ind1="1" ind2="0">
<subfield code="6">245-02/</subfield>
<subfield code="a">&#1041;&#1072;&#1096;&#1085;&#1080; &#1059;&#1074;&#1077;&#1082;&#1072; :</subfield>
<subfield code="b">&#1082;&#1086;&#1084;&#1087;&#1083;&#1077;&#1082;&#1089;&#1085;&#1086;&#1077; &#1080;&#1079;&#1091;&#1095;&#1077;&#1085;&#1080;&#1077; &#1084;&#1085;&#1086;&#1075;&#1086;&#1089;&#1083;&#1086;&#1081;&#1085;&#1086;&#1075;&#1086; &#1072;&#1088;&#1093;&#1077;&#1086;&#1083;&#1086;&#1075;&#1080;&#1095;&#1077;&#1089;&#1082;&#1086;&#1075;&#1086; &#1087;&#1072;&#1084;&#1103;&#1090;&#1085;&#1080;&#1082;&#1072; &#1085;&#1072; &#1087;&#1088;&#1080;&#1084;&#1077;&#1088;&#1077; &#1059;&#1074;&#1077;&#1082;&#1089;&#1082;&#1086;&#1075;&#1086; &#1075;&#1086;&#1088;&#1086;&#1076;&#1080;&#1097;&#1072; /</subfield>
<subfield code="c">&#1057;.&#1040;. &#1041;&#1088;&#1072;&#1090;&#1072;&#1096;&#1086;&#1074;&#1072;.</subfield>
</datafield>
<datafield tag="880" ind1=" " ind2=" ">
<subfield code="6">260-03/</subfield>
<subfield code="a">&#1057;&#1072;&#1088;&#1072;&#1090;&#1086;&#1074; :</subfield>
<subfield code="b">[publisher not identified],</subfield>
<subfield code="c">2016.</subfield>
</datafield>
<datafield tag="880" ind1=" " ind2=" ">
<subfield code="6">500-04/</subfield>
<subfield code="a">"&#1053;&#1072;&#1091;&#1095;&#1085;&#1086;&#1077; &#1080;&#1079;&#1076;&#1072;&#1085;&#1080;&#1077;"--Colophon.</subfield>
</datafield>
<datafield tag="OWN" ind1=" " ind2=" ">
<subfield code="a">GENERAL</subfield>
</datafield>
<datafield tag="AVA" ind1=" " ind2=" ">
<subfield code="a">NYU50</subfield>
<subfield code="b">NISAW</subfield>
<subfield code="c">Small Collection</subfield>
<subfield code="d">DK511.V65 B725 2016 Non-circulating</subfield>
<subfield code="e">unavailable</subfield>
<subfield code="t">Unavailable</subfield>
<subfield code="f">1</subfield>
<subfield code="g">1</subfield>
<subfield code="h">N</subfield>
<subfield code="i">0</subfield>
<subfield code="j">SMALL</subfield>
<subfield code="k">0</subfield>
</datafield>
</record>