<record xmlns="http://www.loc.gov/MARC21/slim" xmlns:xsi="http://www.w3.org/2001/XMLSchema-instance" xsi:schemaLocation="http://www.loc.gov/MARC21/slim http://www.loc.gov/standards/marcxml/schema/MARC21slim.xsd">
<leader>00000cam a2200625Ii 4500</leader>
<controlfield tag="FMT">BK</controlfield>
<controlfield tag="LDR">00000cam a2200625Ii 4500</controlfield>
<controlfield tag="001">005740395</controlfield>
<controlfield tag="003">OCoLC</controlfield>
<controlfield tag="005">20180726163359.0</controlfield>
<controlfield tag="008">150319m20139999ru ad         000 0 rus d</controlfield>
<datafield tag="020" ind1=" " ind2=" ">
<subfield code="a">9785906475015</subfield>
<subfield code="q">(t. 1)</subfield>
</datafield>
<datafield tag="020" ind1=" " ind2=" ">
<subfield code="a">590647501X</subfield>
</datafield>
<datafield tag="020" ind1=" " ind2=" ">
<subfield code="a">9785943751752</subfield>
<subfield code="q">(t. 2)</subfield>
</datafield>
<datafield tag="020" ind1=" " ind2=" ">
<subfield code="a">5943751750</subfield>
</datafield>
<datafield tag="020" ind1=" " ind2=" ">
<subfield code="z">9785943751551</subfield>
<subfield code="q">(t. 3)</subfield>
</datafield>
<datafield tag="020" ind1=" " ind2=" ">
<subfield code="a">5943751858</subfield>
<subfield code="q">(t. 3)</subfield>
</datafield>
<datafield tag="020" ind1=" " ind2=" ">
<subfield code="a">9785943751851</subfield>
</datafield>
<datafield tag="020" ind1=" " ind2=" ">
<subfield code="a">9785943751967</subfield>
<subfield code="q">(t. 4)</subfield>
</datafield>
<datafield tag="020" ind1=" " ind2=" ">
<subfield code="a">5943751963</subfield>
<subfield code="q">(t. 4)</subfield>
</datafield>
<datafield tag="020" ind1=" " ind2=" ">
<subfield code="a">9785943752155</subfield>
<subfield code="q">(t. 5)</subfield>
</datafield>
<datafield tag="020" ind1=" " ind2=" ">
<subfield code="a">5943752153</subfield>
<subfield code="q">(t. 5)</subfield>
</datafield>
<datafield tag="020" ind1=" " ind2=" ">
<subfield code="a">9785943752377</subfield>
<subfield code="q">(t. 6)</subfield>
</datafield>
<datafield tag="020" ind1=" " ind2=" ">
<subfield code="a">5943752374</subfield>
<subfield code="q">(t. 6)</subfield>
</datafield>
<datafield tag="035" ind1=" " ind2=" ">
<subfield code="a">(OCoLC)971564751</subfield>
<subfield code="z">(OCoLC)906150990</subfield>
</datafield>
<datafield tag="040" ind1=" " ind2=" ">
<subfield code="a">EQO</subfield>
<subfield code="b">eng</subfield>
<subfield code="e">rda</subfield>
<subfield code="c">EQO</subfield>
<subfield code="d">OCLCO</subfield>
<subfield code="d">EVIEW</subfield>
<subfield code="d">OCLCF</subfield>
<subfield code="d">ZYU</subfield>
<subfield code="d">OCLCQ</subfield>
<subfield code="d">OCLCA</subfield>
<subfield code="d">ZYU</subfield>
<subfield code="d">OCL</subfield>
<subfield code="d">ZYU</subfield>
</datafield>
<datafield tag="043" ind1=" " ind2=" ">
<subfield code="a">e-ru---</subfield>
</datafield>
<datafield tag="050" ind1=" " ind2="4">
<subfield code="a">DK651.P52</subfield>
<subfield code="b">F35 2013</subfield>
</datafield>
<datafield tag="079" ind1=" " ind2=" ">
<subfield code="a">(OCoLC)971564751</subfield>
</datafield>
<datafield tag="245" ind1="0" ind2="0">
<subfield code="6">880-01</subfield>
<subfield code="a">Fanagorii&#865;a :</subfield>
<subfield code="b">rezul&#697;taty arkheologicheskikh issledovani&#301; /</subfield>
<subfield code="c">pod obshche&#301; redakt&#865;sie&#301; V.D. Kuznet&#865;sova.</subfield>
</datafield>
<datafield tag="264" ind1=" " ind2="1">
<subfield code="6">880-02</subfield>
<subfield code="a">Moskva :</subfield>
<subfield code="b">Institut arkheologii RAN,</subfield>
<subfield code="c">2013-</subfield>
</datafield>
<datafield tag="300" ind1=" " ind2=" ">
<subfield code="a">volumes :</subfield>
<subfield code="b">illustrations, charts ;</subfield>
<subfield code="c">32 cm.</subfield>
</datafield>
<datafield tag="336" ind1=" " ind2=" ">
<subfield code="a">text</subfield>
<subfield code="b">txt</subfield>
<subfield code="2">rdacontent</subfield>
</datafield>
<datafield tag="337" ind1=" " ind2=" ">
<subfield code="a">unmediated</subfield>
<subfield code="b">n</subfield>
<subfield code="2">rdamedia</subfield>
</datafield>
<datafield tag="338" ind1=" " ind2=" ">
<subfield code="a">volume</subfield>
<subfield code="b">nc</subfield>
<subfield code="2">rdacarrier</subfield>
</datafield>
<datafield tag="490" ind1="0" ind2=" ">
<subfield code="a">Materialy po arkheologii i istorii Fanagorii ;</subfield>
<subfield code="v">1.1</subfield>
</datafield>
<datafield tag="500" ind1=" " ind2=" ">
<subfield code="6">880-03</subfield>
<subfield code="a">At head of title: Rossi&#301;skai&#865;a Akademii&#865;a nauk. Institut arkheologii.</subfield>
</datafield>
<datafield tag="505" ind1="1" ind2="0">
<subfield code="6">880-04</subfield>
<subfield code="g">Tom 1.</subfield>
<subfield code="t">Materialy po arkheologii i istorii Fanagorii, vyp. 1 /</subfield>
<subfield code="r">pod redakt&#865;sie&#301; V.D. Kuznet&#865;sova --</subfield>
<subfield code="g">Tom 2.</subfield>
<subfield code="t">Zoloto Fanagorii /</subfield>
<subfield code="r">pod redakt&#865;sie&#301; M. I&#865;U. Tre&#301;stera --</subfield>
<subfield code="g">Tom 3.</subfield>
<subfield code="t">Monetnye klady vremeni Mitridata VI Evpatora s khory Fanagorii /</subfield>
<subfield code="r">M.G. Abramzon, V.D. Kuznet&#865;sov --</subfield>
<subfield code="g">Tom 4.</subfield>
<subfield code="t">Materialy po arkheologii i istorii Fanagorii, vyp. 2 /</subfield>
<subfield code="r">pod redakt&#865;sie&#301; A.A. Zavo&#301;kina --</subfield>
<subfield code="g">Tom 5.</subfield>
<subfield code="t">Klad pozdnebosporskikh staterov iz Fanagorii /</subfield>
<subfield code="r">M.G. Abramzon, V.D. Kuznet&#865;sov --</subfield>
<subfield code="g">Tom 6.</subfield>
<subfield code="t">Materialy po arkheologii i istorii Fanagorii, vyp. 3 /</subfield>
<subfield code="r">pod redakt&#865;sie&#301; V.D. Kuznet&#865;sov, A.A. Zavo&#301;kina</subfield>
</datafield>
<datafield tag="651" ind1=" " ind2="0">
<subfield code="a">Phanagoria (Extinct city)</subfield>
</datafield>
<datafield tag="650" ind1=" " ind2="0">
<subfield code="a">Excavations (Archaeology)</subfield>
<subfield code="z">Russia (Federation)</subfield>
<subfield code="z">Phanagoria (Extinct city)</subfield>
</datafield>
<datafield tag="651" ind1=" " ind2="7">
<subfield code="a">Phanagor(e)ia.</subfield>
<subfield code="2">pleiades</subfield>
<subfield code="0">https://pleiades.stoa.org/places/854724</subfield>
</datafield>
<datafield tag="650" ind1=" " ind2="7">
<subfield code="a">Excavations (Archaeology)</subfield>
<subfield code="2">fast</subfield>
<subfield code="0">(OCoLC)fst00917564</subfield>
</datafield>
<datafield tag="651" ind1=" " ind2="7">
<subfield code="a">Russia (Federation)</subfield>
<subfield code="z">Phanagoria (Extinct city)</subfield>
<subfield code="2">fast</subfield>
<subfield code="0">(OCoLC)fst01897031</subfield>
</datafield>
<datafield tag="700" ind1="1" ind2=" ">
<subfield code="6">880-05</subfield>
<subfield code="a">Kuznet&#865;sov, V. D.</subfield>
<subfield code="c">(Historian),</subfield>
<subfield code="e">editor,</subfield>
<subfield code="e">author.</subfield>
</datafield>
<datafield tag="700" ind1="1" ind2=" ">
<subfield code="a">Treister, Michail Yu.,</subfield>
<subfield code="e">editor.</subfield>
</datafield>
<datafield tag="700" ind1="1" ind2=" ">
<subfield code="a">Zavo&#301;kin, A. A.,</subfield>
<subfield code="e">editor.</subfield>
</datafield>
<datafield tag="700" ind1="1" ind2=" ">
<subfield code="a">Abramzon, M. G.</subfield>
<subfield code="q">(Mikhail Grigor&#697;evich),</subfield>
<subfield code="e">author.</subfield>
</datafield>
<datafield tag="710" ind1="2" ind2=" ">
<subfield code="6">880-06</subfield>
<subfield code="a">Institut arkheologii (Rossi&#301;skai&#865;a akademii&#865;a nauk),</subfield>
<subfield code="e">issuing body.</subfield>
</datafield>
<datafield tag="880" ind1="0" ind2="0">
<subfield code="6">245-01/</subfield>
<subfield code="a">&#1060;&#1072;&#1085;&#1072;&#1075;&#1086;&#1088;&#1080;&#1103; :</subfield>
<subfield code="b">&#1088;&#1077;&#1079;&#1091;&#1083;&#1100;&#1090;&#1072;&#1090;&#1099; &#1072;&#1088;&#1093;&#1077;&#1086;&#1083;&#1086;&#1075;&#1080;&#1095;&#1077;&#1089;&#1082;&#1080;&#1093; &#1080;&#1089;&#1089;&#1083;&#1077;&#1076;&#1086;&#1074;&#1072;&#1085;&#1080;&#1081; /</subfield>
<subfield code="c">&#1087;&#1086;&#1076; &#1086;&#1073;&#1097;&#1077;&#1081; &#1088;&#1077;&#1076;&#1072;&#1082;&#1094;&#1080;&#1077;&#1081; &#1042;.&#1044;. &#1050;&#1091;&#1079;&#1085;&#1077;&#1094;&#1086;&#1074;&#1072;.</subfield>
</datafield>
<datafield tag="880" ind1=" " ind2="1">
<subfield code="6">264-02/</subfield>
<subfield code="a">&#1052;&#1086;&#1089;&#1082;&#1074;&#1072; :</subfield>
<subfield code="b">&#1048;&#1085;&#1089;&#1090;&#1080;&#1090;&#1091;&#1090; &#1072;&#1088;&#1093;&#1077;&#1086;&#1083;&#1086;&#1075;&#1080;&#1080; &#1056;&#1040;&#1053;,</subfield>
<subfield code="c">2013-</subfield>
</datafield>
<datafield tag="880" ind1=" " ind2=" ">
<subfield code="6">500-03/</subfield>
<subfield code="a">&#1040;t head of title: &#1056;&#1086;&#1089;&#1089;&#1080;&#1081;&#1089;&#1082;&#1072;&#1103; &#1040;&#1082;&#1072;&#1076;&#1077;&#1084;&#1080;&#1103; &#1085;&#1072;&#1091;&#1082;. &#1048;&#1085;&#1089;&#1090;&#1080;&#1090;&#1091;&#1090; &#1072;&#1088;&#1093;&#1077;&#1086;&#1083;&#1086;&#1075;&#1080;&#1080;.</subfield>
</datafield>
<datafield tag="880" ind1="1" ind2="0">
<subfield code="6">505-04/</subfield>
<subfield code="g">&#1058;&#1086;&#1084; 1.</subfield>
<subfield code="t">&#1052;&#1072;&#1090;&#1077;&#1088;&#1080;&#1072;&#1083;&#1099; &#1087;&#1086; &#1072;&#1088;&#1093;&#1077;&#1086;&#1083;&#1086;&#1075;&#1080;&#1080; &#1080; &#1080;&#1089;&#1090;&#1086;&#1088;&#1080;&#1080; &#1060;&#1072;&#1085;&#1072;&#1075;&#1086;&#1088;&#1080;&#1080;, &#1074;&#1099;&#1087;. 1 /</subfield>
<subfield code="r">&#1087;&#1086;&#1076; &#1088;&#1077;&#1076;&#1072;&#1082;&#1094;&#1080;&#1077;&#1081; &#1042;.&#1044;. &#1050;&#1091;&#1079;&#1085;&#1077;&#1094;&#1086;&#1074;&#1072; --</subfield>
<subfield code="g">&#1058;&#1086;&#1084; 2.</subfield>
<subfield code="t">&#1047;&#1086;&#1083;&#1086;&#1090;&#1086; &#1060;&#1072;&#1085;&#1072;&#1075;&#1086;&#1088;&#1080;&#1080; /</subfield>
<subfield code="r">&#1087;&#1086;&#1076; &#1088;&#1077;&#1076;&#1072;&#1082;&#1094;&#1080;&#1077;&#1081; &#1052;. &#1070;. &#1058;&#1088;&#1077;&#1081;&#1089;&#1090;&#1077;&#1088;&#1072; --</subfield>
<subfield code="g">&#1058;&#1086;&#1084; 3.</subfield>
<subfield code="t">&#1052;&#1086;&#1085;&#1077;&#1090;&#1085;&#1099;&#1077; &#1082;&#1083;&#1072;&#1076;&#1099; &#1074;&#1088;&#1077;&#1084;&#1077;&#1085;&#1080; &#1052;&#1080;&#1090;&#1088;&#1080;&#1076;&#1072;&#1090;&#1072; &#1042;&#1048; &#1045;&#1074;&#1087;&#1072;&#1090;&#1086;&#1088;&#1072; &#1089; &#1093;&#1086;&#1088;&#1099; &#1060;&#1072;&#1085;&#1072;&#1075;&#1086;&#1088;&#1080;&#1080; /</subfield>
<subfield code="r">&#1052;.&#1043;. &#1040;&#1073;&#1088;&#1072;&#1084;&#1079;&#1086;&#1085;, &#1042;.&#1044;. &#1050;&#1091;&#1079;&#1085;&#1077;&#1094;&#1086;&#1074; --</subfield>
<subfield code="g">&#1058;&#1086;&#1084; 4.</subfield>
<subfield code="t">&#1052;&#1072;&#1090;&#1077;&#1088;&#1080;&#1072;&#1083;&#1099; &#1087;&#1086; &#1072;&#1088;&#1093;&#1077;&#1086;&#1083;&#1086;&#1075;&#1080;&#1080; &#1080; &#1080;&#1089;&#1090;&#1086;&#1088;&#1080;&#1080; &#1060;&#1072;&#1085;&#1072;&#1075;&#1086;&#1088;&#1080;&#1080;, &#1074;&#1099;&#1087;. 2 /</subfield>
<subfield code="r">&#1087;&#1086;&#1076; &#1088;&#1077;&#1076;&#1072;&#1082;&#1094;&#1080;&#1077;&#1081; &#1040;.&#1040;. &#1047;&#1072;&#1074;&#1086;&#1081;&#1082;&#1080;&#1085;&#1072; --</subfield>
<subfield code="g">&#1058;&#1086;&#1084; 5.</subfield>
<subfield code="t">&#1050;&#1083;&#1072;&#1076; &#1087;&#1086;&#1079;&#1076;&#1085;&#1077;&#1073;&#1086;&#1089;&#1087;&#1086;&#1088;&#1089;&#1082;&#1080;&#1093; &#1089;&#1090;&#1072;&#1090;&#1077;&#1088;&#1086;&#1074; &#1080;&#1079; &#1060;&#1072;&#1085;&#1072;&#1075;&#1086;&#1088;&#1080;&#1080; /</subfield>
<subfield code="r">&#1052;.&#1043;. &#1040;&#1073;&#1088;&#1072;&#1084;&#1079;&#1086;&#1085;, &#1042;.&#1044;. &#1050;&#1091;&#1079;&#1085;&#1077;&#1094;&#1086;&#1074; --</subfield>
<subfield code="g">&#1058;&#1086;&#1084; 6.</subfield>
<subfield code="t">&#1052;&#1072;&#1090;&#1077;&#1088;&#1080;&#1072;&#1083;&#1099; &#1087;&#1086; &#1072;&#1088;&#1093;&#1077;&#1086;&#1083;&#1086;&#1075;&#1080;&#1080; &#1080; &#1080;&#1089;&#1090;&#1086;&#1088;&#1080;&#1080; &#1060;&#1072;&#1085;&#1072;&#1075;&#1086;&#1088;&#1080;&#1080;, &#1074;&#1099;&#1087;. 3 /</subfield>
<subfield code="r">&#1087;&#1086;&#1076; &#1088;&#1077;&#1076;&#1072;&#1082;&#1094;&#1080;&#1077;&#1081; &#1042;.&#1044;. &#1050;&#1091;&#1079;&#1085;&#1077;&#1094;&#1086;&#1074;, &#1040;.&#1040;. &#1047;&#1072;&#1074;&#1086;&#1081;&#1082;&#1080;&#1085;&#1072;</subfield>
</datafield>
<datafield tag="880" ind1="1" ind2=" ">
<subfield code="6">700-05/</subfield>
<subfield code="a">&#1050;&#1091;&#1079;&#1085;&#1077;&#1094;&#1086;&#1074;, &#1042;.&#1044;.</subfield>
<subfield code="c">(Historian)</subfield>
<subfield code="e">editor,</subfield>
<subfield code="e">author.</subfield>
</datafield>
<datafield tag="880" ind1="2" ind2=" ">
<subfield code="6">710-06/</subfield>
<subfield code="a">&#1048;&#1085;&#1089;&#1090;&#1080;&#1090;&#1091;&#1090; &#1072;&#1088;&#1093;&#1077;&#1086;&#1083;&#1086;&#1075;&#1080;&#1080; (&#1056;&#1086;&#1089;&#1089;&#1080;&#1081;&#1089;&#1082;&#1072;&#1103; &#1040;&#1082;&#1072;&#1076;&#1077;&#1084;&#1080;&#1103; &#1085;&#1072;&#1091;&#1082;),</subfield>
<subfield code="e">issuing body.</subfield>
</datafield>
<datafield tag="994" ind1=" " ind2=" ">
<subfield code="a">Z0</subfield>
<subfield code="b">ZYU</subfield>
</datafield>
<datafield tag="OWN" ind1=" " ind2=" ">
<subfield code="a">GENERAL</subfield>
</datafield>
<datafield tag="AVA" ind1=" " ind2=" ">
<subfield code="a">NYU50</subfield>
<subfield code="b">NISAW</subfield>
<subfield code="c">Large Collection</subfield>
<subfield code="d">DK651.P52 F35 Non-circulating</subfield>
<subfield code="e">available</subfield>
<subfield code="t">Available</subfield>
<subfield code="f">7</subfield>
<subfield code="g">0</subfield>
<subfield code="h">N</subfield>
<subfield code="i">0</subfield>
<subfield code="j">LARGE</subfield>
<subfield code="k">0</subfield>
</datafield>
</record>