<record xmlns="http://www.loc.gov/MARC21/slim" xmlns:xsi="http://www.w3.org/2001/XMLSchema-instance" xsi:schemaLocation="http://www.loc.gov/MARC21/slim http://www.loc.gov/standards/marcxml/schema/MARC21slim.xsd">
<leader>00000cam a22     Ii 4500</leader>
<controlfield tag="FMT">BK</controlfield>
<controlfield tag="LDR">00000cam a22     Ii 4500</controlfield>
<controlfield tag="001">006253511</controlfield>
<controlfield tag="005">20180723085314.0</controlfield>
<controlfield tag="008">180723s2014    ru a     b    000 0 rus d</controlfield>
<datafield tag="020" ind1=" " ind2=" ">
<subfield code="a">9785790418358</subfield>
</datafield>
<datafield tag="020" ind1=" " ind2=" ">
<subfield code="a">579041835X</subfield>
</datafield>
<datafield tag="035" ind1=" " ind2=" ">
<subfield code="a">(OCoLC)922696949</subfield>
</datafield>
<datafield tag="040" ind1=" " ind2=" ">
<subfield code="a">EVIEW</subfield>
<subfield code="b">eng</subfield>
<subfield code="e">rda</subfield>
<subfield code="c">EVIEW</subfield>
<subfield code="d">PAU</subfield>
<subfield code="d">OCLCF</subfield>
<subfield code="d">OCLCQ</subfield>
<subfield code="d">OCLCO</subfield>
<subfield code="d">OCLCQ</subfield>
<subfield code="d">OCLCO</subfield>
<subfield code="d">ZYU</subfield>
</datafield>
<datafield tag="041" ind1="0" ind2=" ">
<subfield code="a">rus</subfield>
<subfield code="b">eng</subfield>
</datafield>
<datafield tag="043" ind1=" " ind2=" ">
<subfield code="a">e-ru---</subfield>
</datafield>
<datafield tag="050" ind1=" " ind2="4">
<subfield code="a">DK771.A25</subfield>
<subfield code="b">G78 2014</subfield>
</datafield>
<datafield tag="100" ind1="1" ind2=" ">
<subfield code="6">880-01</subfield>
<subfield code="a">Grushin, S. P.</subfield>
<subfield code="q">(Sergei&#774; Petrovich),</subfield>
<subfield code="d">1977-</subfield>
<subfield code="e">author.</subfield>
</datafield>
<datafield tag="245" ind1="1" ind2="0">
<subfield code="6">880-02</subfield>
<subfield code="a">Arkheologii&#65056;a&#65057; Rudnogo Altai&#65056;a&#65057; :</subfield>
<subfield code="b">issledovanie drevnikh i srednevekovykh pami&#65056;a&#65057;tnikov u gory Taraskina : monografii&#65056;a&#65057; /</subfield>
<subfield code="c">S.P. Grushin.</subfield>
</datafield>
<datafield tag="264" ind1=" " ind2="1">
<subfield code="6">880-03</subfield>
<subfield code="a">Barnaul :</subfield>
<subfield code="b">Izdatel&#697;stvo Altai&#774;skogo gosudarstvennogo universiteta,</subfield>
<subfield code="c">2014.</subfield>
</datafield>
<datafield tag="300" ind1=" " ind2=" ">
<subfield code="a">116 pages :</subfield>
<subfield code="b">illustrations (some color) ;</subfield>
<subfield code="c">25 cm</subfield>
</datafield>
<datafield tag="336" ind1=" " ind2=" ">
<subfield code="a">text</subfield>
<subfield code="b">txt</subfield>
<subfield code="2">rdacontent</subfield>
</datafield>
<datafield tag="337" ind1=" " ind2=" ">
<subfield code="a">unmediated</subfield>
<subfield code="b">n</subfield>
<subfield code="2">rdamedia</subfield>
</datafield>
<datafield tag="338" ind1=" " ind2=" ">
<subfield code="a">volume</subfield>
<subfield code="b">nc</subfield>
<subfield code="2">rdacarrier</subfield>
</datafield>
<datafield tag="546" ind1=" " ind2=" ">
<subfield code="a">Summary in English.</subfield>
</datafield>
<datafield tag="500" ind1=" " ind2=" ">
<subfield code="6">880-04</subfield>
<subfield code="a">"Nauchnoe izdanie"--Colophon.</subfield>
</datafield>
<datafield tag="500" ind1=" " ind2=" ">
<subfield code="6">880-05</subfield>
<subfield code="a">At head of title: Ministerstvo obrazovanii&#65056;a&#65057; i nauki Rossii&#774;skoi&#774; Federat&#65056;s&#65057;ii. FGBOU VPO "Altai&#774;skii&#774; gosudarstvennyi&#774; universitet". Kafedra arkheologii, e&#775;tnografii i muzeologii. Laboratorii&#65056;a&#65057; mezhdist&#65056;s&#65057;iplinarnykh issledovanii&#774; arkheologii Zapadnoi&#774; Sibiri i Altai&#65056;a&#65057;.</subfield>
</datafield>
<datafield tag="504" ind1=" " ind2=" ">
<subfield code="a">Includes bibliographical references (pages 48-56).</subfield>
</datafield>
<datafield tag="650" ind1=" " ind2="0">
<subfield code="a">Excavations (Archaeology)</subfield>
<subfield code="z">Russia (Federation)</subfield>
<subfield code="z">Altai&#774;skii&#774; krai&#774;.</subfield>
</datafield>
<datafield tag="651" ind1=" " ind2="0">
<subfield code="a">Altai&#774;skii&#774; krai&#774; (Russia)</subfield>
<subfield code="x">Antiquities.</subfield>
</datafield>
<datafield tag="710" ind1="2" ind2=" ">
<subfield code="6">880-06</subfield>
<subfield code="a">Altai&#774;skii&#774; gosudarstvennyi&#774; universitet,</subfield>
<subfield code="e">issuing body.</subfield>
</datafield>
<datafield tag="880" ind1="1" ind2=" ">
<subfield code="6">100-01/</subfield>
<subfield code="a">&#1043;&#1088;&#1091;&#1096;&#1080;&#1085;, &#1057;. &#1055;.</subfield>
<subfield code="q">(&#1057;&#1077;&#1088;&#1075;&#1077;&#1081; &#1055;&#1077;&#1090;&#1088;&#1086;&#1074;&#1080;&#1095;),</subfield>
<subfield code="d">1977-</subfield>
<subfield code="e">author.</subfield>
</datafield>
<datafield tag="880" ind1="1" ind2="0">
<subfield code="6">245-02/</subfield>
<subfield code="a">&#1040;&#1088;&#1093;&#1077;&#1086;&#1083;&#1086;&#1075;&#1080;&#1103; &#1056;&#1091;&#1076;&#1085;&#1086;&#1075;&#1086; &#1040;&#1083;&#1090;&#1072;&#1103; :</subfield>
<subfield code="b">&#1080;&#1089;&#1089;&#1083;&#1077;&#1076;&#1086;&#1074;&#1072;&#1085;&#1080;&#1077; &#1076;&#1088;&#1077;&#1074;&#1085;&#1080;&#1093; &#1080; &#1089;&#1088;&#1077;&#1076;&#1085;&#1077;&#1074;&#1077;&#1082;&#1086;&#1074;&#1099;&#1093; &#1087;&#1072;&#1084;&#1103;&#1090;&#1085;&#1080;&#1082;&#1086;&#1074; &#1091; &#1075;&#1086;&#1088;&#1099; &#1058;&#1072;&#1088;&#1072;&#1089;&#1082;&#1080;&#1085;&#1072; : &#1084;&#1086;&#1085;&#1086;&#1075;&#1088;&#1072;&#1092;&#1080;&#1103; /</subfield>
<subfield code="c">&#1057;.&#1055;. &#1043;&#1088;&#1091;&#1096;&#1080;&#1085;.</subfield>
</datafield>
<datafield tag="880" ind1=" " ind2="1">
<subfield code="6">264-03/</subfield>
<subfield code="a">&#1041;&#1072;&#1088;&#1085;&#1072;&#1091;&#1083; :</subfield>
<subfield code="b">&#1048;&#1079;&#1076;&#1072;&#1090;&#1077;&#1083;&#1100;&#1089;&#1090;&#1074;&#1086; &#1040;&#1083;&#1090;&#1072;&#1081;&#1089;&#1082;&#1086;&#1075;&#1086; &#1075;&#1086;&#1089;&#1091;&#1076;&#1072;&#1088;&#1089;&#1090;&#1074;&#1077;&#1085;&#1085;&#1086;&#1075;&#1086; &#1091;&#1085;&#1080;&#1074;&#1077;&#1088;&#1089;&#1080;&#1090;&#1077;&#1090;&#1072;,</subfield>
<subfield code="c">2014.</subfield>
</datafield>
<datafield tag="880" ind1=" " ind2=" ">
<subfield code="6">500-04/</subfield>
<subfield code="a">"&#1053;&#1072;&#1091;&#1095;&#1085;&#1086;&#1077; &#1080;&#1079;&#1076;&#1072;&#1085;&#1080;&#1077;"--Colophon.</subfield>
</datafield>
<datafield tag="880" ind1=" " ind2=" ">
<subfield code="6">500-05/</subfield>
<subfield code="a">At head of title: &#1052;&#1080;&#1085;&#1080;&#1089;&#1090;&#1077;&#1088;&#1089;&#1090;&#1074;&#1086; &#1086;&#1073;&#1088;&#1072;&#1079;&#1086;&#1074;&#1072;&#1085;&#1080;&#1103; &#1080; &#1085;&#1072;&#1091;&#1082;&#1080; &#1056;&#1086;&#1089;&#1089;&#1080;&#1081;&#1089;&#1082;&#1086;&#1081; &#1060;&#1077;&#1076;&#1077;&#1088;&#1072;&#1094;&#1080;&#1080;. &#1060;&#1043;&#1041;&#1054;&#1059; &#1042;&#1055;&#1054; "&#1040;&#1083;&#1090;&#1072;&#1081;&#1089;&#1082;&#1080;&#1081; &#1075;&#1086;&#1089;&#1091;&#1076;&#1072;&#1088;&#1089;&#1090;&#1074;&#1077;&#1085;&#1085;&#1099;&#1081; &#1091;&#1085;&#1080;&#1074;&#1077;&#1088;&#1089;&#1080;&#1090;&#1077;&#1090;". &#1050;&#1072;&#1092;&#1077;&#1076;&#1088;&#1072; &#1072;&#1088;&#1093;&#1077;&#1086;&#1083;&#1086;&#1075;&#1080;&#1080;, &#1101;&#1090;&#1085;&#1086;&#1075;&#1088;&#1072;&#1092;&#1080;&#1080; &#1080; &#1084;&#1091;&#1079;&#1077;&#1086;&#1083;&#1086;&#1075;&#1080;&#1080;. &#1051;&#1072;&#1073;&#1086;&#1088;&#1072;&#1090;&#1086;&#1088;&#1080;&#1103; &#1084;&#1077;&#1078;&#1076;&#1080;&#1089;&#1094;&#1080;&#1087;&#1083;&#1080;&#1085;&#1072;&#1088;&#1085;&#1099;&#1093; &#1080;&#1089;&#1089;&#1083;&#1077;&#1076;&#1086;&#1074;&#1072;&#1085;&#1080;&#1081; &#1072;&#1088;&#1093;&#1077;&#1086;&#1083;&#1086;&#1075;&#1080;&#1080; &#1047;&#1072;&#1087;&#1072;&#1076;&#1085;&#1086;&#1081; &#1057;&#1080;&#1073;&#1080;&#1088;&#1080; &#1080; &#1040;&#1083;&#1090;&#1072;&#1103;.</subfield>
</datafield>
<datafield tag="880" ind1="2" ind2=" ">
<subfield code="6">710-06/</subfield>
<subfield code="a">&#1040;&#1083;&#1090;&#1072;&#1081;&#1089;&#1082;&#1080;&#1081; &#1075;&#1086;&#1089;&#1091;&#1076;&#1072;&#1088;&#1089;&#1090;&#1074;&#1077;&#1085;&#1085;&#1099;&#1081; &#1091;&#1085;&#1080;&#1074;&#1077;&#1088;&#1089;&#1080;&#1090;&#1077;&#1090;,</subfield>
<subfield code="e">issuing body.</subfield>
</datafield>
<datafield tag="OWN" ind1=" " ind2=" ">
<subfield code="a">GENERAL</subfield>
</datafield>
<datafield tag="AVA" ind1=" " ind2=" ">
<subfield code="a">NYU50</subfield>
<subfield code="b">NISAW</subfield>
<subfield code="c">Small Collection</subfield>
<subfield code="d">DK771.A25 G78 2014 Non-circulating</subfield>
<subfield code="e">unavailable</subfield>
<subfield code="t">Unavailable</subfield>
<subfield code="f">1</subfield>
<subfield code="g">1</subfield>
<subfield code="h">N</subfield>
<subfield code="i">0</subfield>
<subfield code="j">SMALL</subfield>
<subfield code="k">0</subfield>
</datafield>
</record>