<record xmlns="http://www.loc.gov/MARC21/slim" xmlns:xsi="http://www.w3.org/2001/XMLSchema-instance" xsi:schemaLocation="http://www.loc.gov/MARC21/slim http://www.loc.gov/standards/marcxml/schema/MARC21slim.xsd">
<leader>00000cam a22     4a 4500</leader>
<controlfield tag="FMT">BK</controlfield>
<controlfield tag="LDR">00000cam a22     4a 4500</controlfield>
<controlfield tag="001">006255200</controlfield>
<controlfield tag="005">20180726130853.0</controlfield>
<controlfield tag="008">180726s2008    ru a     b    100 0 rus</controlfield>
<datafield tag="010" ind1=" " ind2=" ">
<subfield code="a">  2009457881</subfield>
</datafield>
<datafield tag="020" ind1=" " ind2=" ">
<subfield code="a">9785986930183</subfield>
</datafield>
<datafield tag="020" ind1=" " ind2=" ">
<subfield code="a">5986930185</subfield>
</datafield>
<datafield tag="035" ind1=" " ind2=" ">
<subfield code="a">(OCoLC)373167927</subfield>
</datafield>
<datafield tag="040" ind1=" " ind2=" ">
<subfield code="a">DLC</subfield>
<subfield code="b">eng</subfield>
<subfield code="c">DLC</subfield>
<subfield code="d">EVIEW</subfield>
<subfield code="d">PAU</subfield>
<subfield code="d">OCLCA</subfield>
<subfield code="d">OCLCQ</subfield>
<subfield code="d">OCLCO</subfield>
<subfield code="d">GBVCP</subfield>
<subfield code="d">OCLCF</subfield>
<subfield code="d">OCLCO</subfield>
<subfield code="d">OCL</subfield>
<subfield code="d">OCLCO</subfield>
<subfield code="d">OCLCQ</subfield>
<subfield code="d">ZYU</subfield>
</datafield>
<datafield tag="043" ind1=" " ind2=" ">
<subfield code="a">e-urw--</subfield>
</datafield>
<datafield tag="050" ind1="0" ind2="0">
<subfield code="a">DK771.W47</subfield>
<subfield code="b">Z373 2008</subfield>
</datafield>
<datafield tag="111" ind1="2" ind2=" ">
<subfield code="6">880-01</subfield>
<subfield code="a">Zapadno-Sibirskai&#865;a arkheologo-&#279;tnograficheskai&#865;a konferent&#865;sii&#865;a</subfield>
<subfield code="n">(14th :</subfield>
<subfield code="d">2008 :</subfield>
<subfield code="c">Tomsk, Russia)</subfield>
</datafield>
<datafield tag="245" ind1="1" ind2="0">
<subfield code="6">880-02</subfield>
<subfield code="a">Vremi&#865;a i kul&#697;tura v arkheologo-&#279;tnograficheskikh issledovanii&#865;akh drevnikh i sovremennykh obshchestv Zapadno&#301; Sibiri i sopredel&#697;nykh territori&#301; :</subfield>
<subfield code="b">problemy interpretat&#865;sii i rekonstrukt&#865;sii : materialy XIV Zapadno-Sibirsko&#301; arkheologo-&#279;tnografichesko&#301; konferent&#865;sii /</subfield>
<subfield code="c">[redakt&#865;sionnai&#865;a kollegii&#865;a, V.V. Bobrov ... M.P. Ch&#235;rnai&#865;a (otv. redaktor) and others].</subfield>
</datafield>
<datafield tag="260" ind1=" " ind2=" ">
<subfield code="6">880-03</subfield>
<subfield code="a">Tomsk :</subfield>
<subfield code="b">Agraf-Press,</subfield>
<subfield code="c">2008.</subfield>
</datafield>
<datafield tag="300" ind1=" " ind2=" ">
<subfield code="a">391 pages :</subfield>
<subfield code="b">illustrations ;</subfield>
<subfield code="c">29 cm</subfield>
</datafield>
<datafield tag="336" ind1=" " ind2=" ">
<subfield code="a">text</subfield>
<subfield code="b">txt</subfield>
<subfield code="2">rdacontent</subfield>
</datafield>
<datafield tag="337" ind1=" " ind2=" ">
<subfield code="a">unmediated</subfield>
<subfield code="b">n</subfield>
<subfield code="2">rdamedia</subfield>
</datafield>
<datafield tag="338" ind1=" " ind2=" ">
<subfield code="a">volume</subfield>
<subfield code="b">nc</subfield>
<subfield code="2">rdacarrier</subfield>
</datafield>
<datafield tag="504" ind1=" " ind2=" ">
<subfield code="a">Includes bibliographical references (pages 354-386).</subfield>
</datafield>
<datafield tag="651" ind1=" " ind2="0">
<subfield code="a">Siberia, Western (Russia)</subfield>
<subfield code="x">Civilization</subfield>
<subfield code="v">Congresses.</subfield>
</datafield>
<datafield tag="651" ind1=" " ind2="0">
<subfield code="a">Siberia, Western (Russia)</subfield>
<subfield code="x">Antiquities</subfield>
<subfield code="v">Congresses.</subfield>
</datafield>
<datafield tag="650" ind1=" " ind2="0">
<subfield code="a">Ethnology</subfield>
<subfield code="z">Russia (Federation)</subfield>
<subfield code="z">Siberia, Western</subfield>
<subfield code="v">Congresses.</subfield>
</datafield>
<datafield tag="700" ind1="1" ind2=" ">
<subfield code="6">880-04</subfield>
<subfield code="a">Bobrov, V. V.</subfield>
<subfield code="q">(Vladimir Vasil&#697;evich),</subfield>
<subfield code="e">editor.</subfield>
</datafield>
<datafield tag="700" ind1="1" ind2=" ">
<subfield code="6">880-05</subfield>
<subfield code="a">Chernai&#865;a, M. P.,</subfield>
<subfield code="e">editor.</subfield>
</datafield>
<datafield tag="710" ind1="2" ind2=" ">
<subfield code="6">880-06</subfield>
<subfield code="a">Tomski&#301; gosudarstvenny&#301; universitet,</subfield>
<subfield code="e">sponsoring body.</subfield>
</datafield>
<datafield tag="710" ind1="1" ind2=" ">
<subfield code="6">880-07</subfield>
<subfield code="a">Russia (Federation).</subfield>
<subfield code="b">Federal&#697;noe agentstvo po obrazovanii&#865;u,</subfield>
<subfield code="e">sponsoring body.</subfield>
</datafield>
<datafield tag="880" ind1="2" ind2=" ">
<subfield code="6">111-01/</subfield>
<subfield code="a">&#1047;&#1072;&#1087;&#1072;&#1076;&#1085;&#1086;-&#1057;&#1080;&#1073;&#1080;&#1088;&#1089;&#1082;&#1072;&#1103; &#1072;&#1088;&#1093;&#1077;&#1086;&#1083;&#1086;&#1075;&#1086;-&#1101;&#1090;&#1085;&#1086;&#1075;&#1088;&#1072;&#1092;&#1080;&#1095;&#1077;&#1089;&#1082;&#1072;&#1103; &#1082;&#1086;&#1085;&#1092;&#1077;&#1088;&#1077;&#1085;&#1094;&#1080;&#1103;</subfield>
<subfield code="n">(14th :</subfield>
<subfield code="d">2008 :</subfield>
<subfield code="c">&#1058;&#1086;&#1084;&#1089;&#1082;, &#1056;o&#1089;&#1089;&#1080;&#1103;)</subfield>
</datafield>
<datafield tag="880" ind1="1" ind2="0">
<subfield code="6">245-02/</subfield>
<subfield code="a">&#1042;&#1088;&#1077;&#1084;&#1103; &#1080; &#1082;&#1091;&#1083;&#1100;&#1090;&#1091;&#1088;&#1072; &#1074; &#1072;&#1088;&#1093;&#1077;&#1086;&#1083;&#1086;&#1075;&#1086;-&#1101;&#1090;&#1085;&#1086;&#1075;&#1088;&#1072;&#1092;&#1080;&#1095;&#1077;&#1089;&#1082;&#1080;&#1093; &#1080;&#1089;&#1089;&#1083;&#1077;&#1076;&#1086;&#1074;&#1072;&#1085;&#1080;&#1103;&#1093; &#1076;&#1088;&#1077;&#1074;&#1085;&#1080;&#1093; &#1080; &#1089;&#1086;&#1074;&#1088;&#1077;&#1084;&#1077;&#1085;&#1085;&#1099;&#1093; &#1086;&#1073;&#1097;&#1077;&#1089;&#1090;&#1074; &#1047;&#1072;&#1087;&#1072;&#1076;&#1085;&#1086;&#1081; &#1057;&#1080;&#1073;&#1080;&#1088;&#1080; &#1080; &#1089;&#1086;&#1087;&#1088;&#1077;&#1076;&#1077;&#1083;&#1100;&#1085;&#1099;&#1093; &#1090;&#1077;&#1088;&#1088;&#1080;&#1090;&#1086;&#1088;&#1080;&#1081; :</subfield>
<subfield code="b">&#1087;&#1088;&#1086;&#1073;&#1083;&#1077;&#1084;&#1099; &#1080;&#1085;&#1090;&#1077;&#1088;&#1087;&#1088;&#1077;&#1090;&#1072;&#1094;&#1080;&#1080; &#1080; &#1088;&#1077;&#1082;&#1086;&#1085;&#1089;&#1090;&#1088;&#1091;&#1082;&#1094;&#1080;&#1080; : &#1084;&#1072;&#1090;&#1077;&#1088;&#1080;&#1072;&#1083;&#1099; XIV &#1047;&#1072;&#1087;&#1072;&#1076;&#1085;&#1086;-&#1057;&#1080;&#1073;&#1080;&#1088;&#1089;&#1082;&#1086;&#1081; &#1072;&#1088;&#1093;&#1077;&#1086;&#1083;&#1086;&#1075;&#1086;-&#1101;&#1090;&#1085;&#1086;&#1075;&#1088;&#1072;&#1092;&#1080;&#1095;&#1077;&#1089;&#1082;&#1086;&#1081; &#1082;&#1086;&#1085;&#1092;&#1077;&#1088;&#1077;&#1085;&#1094;&#1080;&#1080; /</subfield>
<subfield code="c">[&#1088;&#1077;&#1076;&#1072;&#1082;&#1094;&#1080;&#1086;&#1085;&#1085;&#1072;&#1103; &#1082;&#1086;&#1083;&#1083;&#1077;&#1075;&#1080;&#1103;, &#1042;.&#1042;. &#1041;&#1086;&#1073;&#1088;&#1086;&#1074; ... &#1052;.&#1055;. &#1063;&#1105;&#1088;&#1085;&#1072;&#1103; (&#1086;&#1090;&#1074;. &#1088;&#1077;&#1076;&#1072;&#1082;&#1090;&#1086;&#1088;) and others].</subfield>
</datafield>
<datafield tag="880" ind1=" " ind2=" ">
<subfield code="6">260-03/</subfield>
<subfield code="a">&#1058;&#1086;&#1084;&#1089;&#1082; :</subfield>
<subfield code="b">&#1040;&#1075;&#1088;&#1072;&#1092;-&#1055;&#1088;&#1077;&#1089;&#1089;,</subfield>
<subfield code="c">2008.</subfield>
</datafield>
<datafield tag="880" ind1="1" ind2=" ">
<subfield code="6">700-04/</subfield>
<subfield code="a">&#1041;&#1086;&#1073;&#1088;&#1086;&#1074;, &#1042;. &#1042;.</subfield>
<subfield code="q">(&#1042;&#1083;&#1072;&#1076;&#1080;&#1084;&#1080;&#1088; &#1042;&#1072;&#1089;&#1080;&#1083;&#1100;&#1077;&#1074;&#1080;&#1095;),</subfield>
<subfield code="e">editor.</subfield>
</datafield>
<datafield tag="880" ind1="1" ind2=" ">
<subfield code="6">700-05/</subfield>
<subfield code="a">&#1063;&#1077;&#1088;&#1085;&#1072;&#1103;, &#1052;. &#1055;.,</subfield>
<subfield code="e">editor.</subfield>
</datafield>
<datafield tag="880" ind1="2" ind2=" ">
<subfield code="6">710-06/</subfield>
<subfield code="a">&#1058;&#1086;&#1084;&#1089;&#1082;&#1080;&#1081; &#1075;&#1086;&#1089;&#1091;&#1076;&#1072;&#1088;&#1089;&#1090;&#1074;&#1077;&#1085;&#1085;&#1099;&#1081; &#1091;&#1085;&#1080;&#1074;&#1077;&#1088;&#1089;&#1080;&#1090;&#1077;&#1090;,</subfield>
<subfield code="e">sponsoring body.</subfield>
</datafield>
<datafield tag="880" ind1="1" ind2=" ">
<subfield code="6">710-07/</subfield>
<subfield code="a">Russia (Federation).</subfield>
<subfield code="b">&#1060;&#1077;&#1076;&#1077;&#1088;&#1072;&#1083;&#1100;&#1085;&#1086;&#1077; &#1072;&#1075;&#1077;&#1085;&#1090;&#1089;&#1090;&#1074;&#1086; &#1087;&#1086; &#1086;&#1073;&#1088;&#1072;&#1079;&#1086;&#1074;&#1072;&#1085;&#1080;&#1102;,</subfield>
<subfield code="e">sponsoring body.</subfield>
</datafield>
<datafield tag="OWN" ind1=" " ind2=" ">
<subfield code="a">GENERAL</subfield>
</datafield>
<datafield tag="AVA" ind1=" " ind2=" ">
<subfield code="a">NYU50</subfield>
<subfield code="b">NISAW</subfield>
<subfield code="c">Large Collection</subfield>
<subfield code="d">DK771.W47 Z373 2008 Non-circulating</subfield>
<subfield code="e">unavailable</subfield>
<subfield code="t">Unavailable</subfield>
<subfield code="f">1</subfield>
<subfield code="g">1</subfield>
<subfield code="h">N</subfield>
<subfield code="i">0</subfield>
<subfield code="j">LARGE</subfield>
<subfield code="k">0</subfield>
</datafield>
</record>