<record xmlns="http://www.loc.gov/MARC21/slim" xmlns:xsi="http://www.w3.org/2001/XMLSchema-instance" xsi:schemaLocation="http://www.loc.gov/MARC21/slim http://www.loc.gov/standards/marcxml/schema/MARC21slim.xsd">
<leader>00000cam a22      a 4500</leader>
<controlfield tag="FMT">BK</controlfield>
<controlfield tag="LDR">00000cam a22      a 4500</controlfield>
<controlfield tag="001">006251518</controlfield>
<controlfield tag="005">20180717134649.0</controlfield>
<controlfield tag="008">180717s1983    ru a     c    100 0 ruso</controlfield>
<datafield tag="010" ind1=" " ind2=" ">
<subfield code="a">   84178381</subfield>
</datafield>
<datafield tag="035" ind1=" " ind2=" ">
<subfield code="a">(OCoLC)15789779</subfield>
</datafield>
<datafield tag="040" ind1=" " ind2=" ">
<subfield code="a">DLC</subfield>
<subfield code="b">eng</subfield>
<subfield code="c">DLC</subfield>
<subfield code="d">OCLCF</subfield>
<subfield code="d">OCLCO</subfield>
<subfield code="d">OCLCQ</subfield>
<subfield code="d">OCLCO</subfield>
<subfield code="d">OCLCA</subfield>
<subfield code="d">ZYU</subfield>
</datafield>
<datafield tag="043" ind1=" " ind2=" ">
<subfield code="a">a-ta---</subfield>
</datafield>
<datafield tag="050" ind1="0" ind2="0">
<subfield code="a">DK925</subfield>
<subfield code="b">.S54 1983</subfield>
</datafield>
<datafield tag="245" ind1="0" ind2="0">
<subfield code="6">880-01</subfield>
<subfield code="a">Shedevry drevnego iskusstva i kul&#697;tury Tadzhikistana :</subfield>
<subfield code="b">materialy I&#65056;U&#65057;zhnotadzhikskoi&#774; arkheologicheskoi&#774; e&#775;kspedit&#65056;s&#65057;ii : katalog vystavki /</subfield>
<subfield code="c">[nauchnyi&#774; redaktor i avtor vvedenii&#65056;a&#65057; B.A. Litvinskii&#774; ; sostaviteli kataloga M.A. Bubnova and others].</subfield>
</datafield>
<datafield tag="260" ind1=" " ind2=" ">
<subfield code="6">880-02</subfield>
<subfield code="a">Moskva :</subfield>
<subfield code="b">Sov. khudozhnik,</subfield>
<subfield code="c">1983.</subfield>
</datafield>
<datafield tag="300" ind1=" " ind2=" ">
<subfield code="a">79 pages :</subfield>
<subfield code="b">illustrations ;</subfield>
<subfield code="c">22 cm</subfield>
</datafield>
<datafield tag="336" ind1=" " ind2=" ">
<subfield code="a">text</subfield>
<subfield code="b">txt</subfield>
<subfield code="2">rdacontent</subfield>
</datafield>
<datafield tag="337" ind1=" " ind2=" ">
<subfield code="a">unmediated</subfield>
<subfield code="b">n</subfield>
<subfield code="2">rdamedia</subfield>
</datafield>
<datafield tag="338" ind1=" " ind2=" ">
<subfield code="a">volume</subfield>
<subfield code="b">nc</subfield>
<subfield code="2">rdacarrier</subfield>
</datafield>
<datafield tag="500" ind1=" " ind2=" ">
<subfield code="a">ISAW copy is from the library of Aleksandr Leskov.</subfield>
<subfield code="5">NyNyUAW</subfield>
</datafield>
<datafield tag="500" ind1=" " ind2=" ">
<subfield code="6">880-03</subfield>
<subfield code="a">At head of title: Gosudarstvennyi&#774; muzei&#774; iskusstva narodov Vostoka [and 3 others].</subfield>
</datafield>
<datafield tag="500" ind1=" " ind2=" ">
<subfield code="a">"V osnovnom iz fondov Instituta istorii im. A. Donisha"--Page 12.</subfield>
</datafield>
<datafield tag="651" ind1=" " ind2="0">
<subfield code="a">Tajikistan</subfield>
<subfield code="x">Antiquities</subfield>
<subfield code="v">Exhibitions.</subfield>
</datafield>
<datafield tag="650" ind1=" " ind2="0">
<subfield code="a">Art, Ancient</subfield>
<subfield code="z">Tajikistan</subfield>
<subfield code="v">Exhibitions.</subfield>
</datafield>
<datafield tag="700" ind1="1" ind2=" ">
<subfield code="6">880-04</subfield>
<subfield code="a">Litvinskii&#774;, B. A.</subfield>
<subfield code="q">(Boris Anatol&#697;evich),</subfield>
<subfield code="e">editor,</subfield>
<subfield code="e">writer of foreword.</subfield>
</datafield>
<datafield tag="700" ind1="1" ind2=" ">
<subfield code="6">880-05</subfield>
<subfield code="a">Bubnova, M. A.,</subfield>
<subfield code="e">compiler.</subfield>
</datafield>
<datafield tag="710" ind1="2" ind2=" ">
<subfield code="6">880-06</subfield>
<subfield code="a">Gosudarstvennyi&#774; muzei&#774; iskusstva narodov Vostoka,</subfield>
<subfield code="e">host institution.</subfield>
</datafield>
<datafield tag="711" ind1="2" ind2=" ">
<subfield code="a">I&#65056;U&#65057;zhnotadzhikskai&#65056;a&#65057; arkheologicheskai&#65056;a&#65057; e&#775;kspedit&#65056;s&#65057;ii&#65056;a&#65057;</subfield>
<subfield code="d">(1973- )</subfield>
</datafield>
<datafield tag="710" ind1="2" ind2=" ">
<subfield code="a">Instituti ta&#698;rikhi ba nomi A. Donish.</subfield>
</datafield>
<datafield tag="776" ind1="0" ind2="8">
<subfield code="i">Online version:</subfield>
<subfield code="t">Shedevry drevnego iskusstva i kul&#697;tury Tadzhikistana.</subfield>
<subfield code="d">Moskva : Sov. khudozhnik, 1983</subfield>
<subfield code="w">(OCoLC)655109138</subfield>
</datafield>
<datafield tag="700" ind1="1" ind2=" ">
<subfield code="a">Leskov, Aleksandr Mikha&#301;lovich,</subfield>
<subfield code="e">former owner.</subfield>
<subfield code="5">NyNyUAW</subfield>
</datafield>
<datafield tag="740" ind1="0" ind2=" ">
<subfield code="a">Leskov Collection.</subfield>
<subfield code="5">NyNyUAW</subfield>
</datafield>
<datafield tag="880" ind1="0" ind2="0">
<subfield code="6">245-01/</subfield>
<subfield code="a">&#1064;&#1077;&#1076;&#1077;&#1074;&#1088;&#1099; &#1076;&#1088;&#1077;&#1074;&#1085;&#1077;&#1075;&#1086; &#1080;&#1089;&#1082;&#1091;&#1089;&#1089;&#1090;&#1074;&#1072; &#1080; &#1082;&#1091;&#1083;&#1100;&#1090;&#1091;&#1088;&#1099; &#1058;&#1072;&#1076;&#1078;&#1080;&#1082;&#1080;&#1089;&#1090;&#1072;&#1085;&#1072; :</subfield>
<subfield code="b">&#1084;&#1072;&#1090;&#1077;&#1088;&#1080;&#1072;&#1083;&#1099; &#1070;&#1078;&#1085;&#1086;&#1090;&#1072;&#1076;&#1078;&#1080;&#1082;&#1089;&#1082;&#1086;&#1081; &#1072;&#1088;&#1093;&#1077;&#1086;&#1083;&#1086;&#1075;&#1080;&#1095;&#1077;&#1089;&#1082;&#1086;&#1081; &#1101;&#1082;&#1089;&#1087;&#1077;&#1076;&#1080;&#1094;&#1080;&#1080; : &#1082;&#1072;&#1090;&#1072;&#1083;&#1086;&#1075; &#1074;&#1099;&#1089;&#1090;&#1072;&#1074;&#1082;&#1080; /</subfield>
<subfield code="c">[&#1085;&#1072;&#1091;&#1095;&#1085;&#1099;&#1081; &#1088;&#1077;&#1076;&#1072;&#1082;&#1090;&#1086;&#1088; &#1080; &#1072;&#1074;&#1090;&#1086;&#1088; &#1074;&#1074;&#1077;&#1076;&#1077;&#1085;&#1080;&#1103; &#1041;.&#1040;. &#1051;&#1080;&#1090;&#1074;&#1080;&#1085;&#1089;&#1082;&#1080;&#1081; ; &#1089;&#1086;&#1089;&#1090;&#1072;&#1074;&#1080;&#1090;&#1077;&#1083;&#1080; &#1082;&#1072;&#1090;&#1072;&#1083;&#1086;&#1075;&#1072; &#1052;.&#1040;. &#1041;&#1091;&#1073;&#1085;&#1086;&#1074;&#1072; &#1072;nd others].</subfield>
</datafield>
<datafield tag="880" ind1=" " ind2=" ">
<subfield code="6">260-02/</subfield>
<subfield code="a">&#1052;&#1086;&#1089;&#1082;&#1074;&#1072; :</subfield>
<subfield code="b">&#1057;&#1086;&#1074;. &#1093;&#1091;&#1076;&#1086;&#1078;&#1085;&#1080;&#1082;,</subfield>
<subfield code="c">1983.</subfield>
</datafield>
<datafield tag="880" ind1=" " ind2=" ">
<subfield code="6">500-03/</subfield>
<subfield code="a">&#1040;t head of title: &#1043;&#1086;&#1089;&#1091;&#1076;&#1072;&#1088;&#1089;&#1090;&#1074;&#1077;&#1085;&#1085;&#1099;&#1081; &#1084;&#1091;&#1079;&#1077;&#1081; &#1080;&#1089;&#1082;&#1091;&#1089;&#1089;&#1090;&#1074;&#1072; &#1085;&#1072;&#1088;&#1086;&#1076;&#1086;&#1074; &#1042;&#1086;&#1089;&#1090;&#1086;&#1082;&#1072; [and 3 others].</subfield>
</datafield>
<datafield tag="880" ind1="1" ind2=" ">
<subfield code="6">700-04/</subfield>
<subfield code="a">&#1051;&#1080;&#1090;&#1074;&#1080;&#1085;&#1089;&#1082;&#1080;&#1081;, &#1041;. &#1040;.</subfield>
<subfield code="q">(&#1041;&#1086;&#1088;&#1080;&#1089; &#1040;&#1085;&#1072;&#1090;&#1086;&#1083;&#1100;&#1077;&#1074;&#1080;&#1095;),</subfield>
<subfield code="e">editor,</subfield>
<subfield code="e">writer of foreword.</subfield>
</datafield>
<datafield tag="880" ind1="1" ind2=" ">
<subfield code="6">700-05/</subfield>
<subfield code="a">&#1041;&#1091;&#1073;&#1085;&#1086;&#1074;&#1072;, &#1052;. &#1040;.,</subfield>
<subfield code="e">compiler.</subfield>
</datafield>
<datafield tag="880" ind1="2" ind2=" ">
<subfield code="6">710-06/</subfield>
<subfield code="a">&#1043;&#1086;&#1089;&#1091;&#1076;&#1072;&#1088;&#1089;&#1090;&#1074;&#1077;&#1085;&#1085;&#1099;&#1081; &#1084;&#1091;&#1079;&#1077;&#1081; &#1080;&#1089;&#1082;&#1091;&#1089;&#1089;&#1090;&#1074;&#1072; &#1085;&#1072;&#1088;&#1086;&#1076;&#1086;&#1074; &#1042;&#1086;&#1089;&#1090;&#1086;&#1082;&#1072;,</subfield>
<subfield code="e">host institution.</subfield>
</datafield>
<datafield tag="OWN" ind1=" " ind2=" ">
<subfield code="a">GENERAL</subfield>
</datafield>
<datafield tag="AVA" ind1=" " ind2=" ">
<subfield code="a">NYU50</subfield>
<subfield code="b">NISAW</subfield>
<subfield code="c">Small Collection</subfield>
<subfield code="d">DK925 .S54 1983 Non-circulating</subfield>
<subfield code="e">unavailable</subfield>
<subfield code="t">Unavailable</subfield>
<subfield code="f">1</subfield>
<subfield code="g">1</subfield>
<subfield code="h">N</subfield>
<subfield code="i">0</subfield>
<subfield code="j">SMALL</subfield>
<subfield code="k">0</subfield>
</datafield>
</record>