<record xmlns="http://www.loc.gov/MARC21/slim" xmlns:xsi="http://www.w3.org/2001/XMLSchema-instance" xsi:schemaLocation="http://www.loc.gov/MARC21/slim http://www.loc.gov/standards/marcxml/schema/MARC21slim.xsd">
<leader>00000cam a22      a 4500</leader>
<controlfield tag="FMT">BK</controlfield>
<controlfield tag="LDR">00000cam a22      a 4500</controlfield>
<controlfield tag="001">006252992</controlfield>
<controlfield tag="005">20180719083152.0</controlfield>
<controlfield tag="008">180719s1982    tk a     b    000 0 ruso</controlfield>
<datafield tag="010" ind1=" " ind2=" ">
<subfield code="a">   82199356</subfield>
</datafield>
<datafield tag="035" ind1=" " ind2=" ">
<subfield code="a">(OCoLC)9827783</subfield>
<subfield code="z">(OCoLC)9907851</subfield>
</datafield>
<datafield tag="040" ind1=" " ind2=" ">
<subfield code="a">DLC</subfield>
<subfield code="b">eng</subfield>
<subfield code="c">DLC</subfield>
<subfield code="d">OCLCF</subfield>
<subfield code="d">OCLCO</subfield>
<subfield code="d">OCLCQ</subfield>
<subfield code="d">ZYU</subfield>
</datafield>
<datafield tag="043" ind1=" " ind2=" ">
<subfield code="a">a-tk---</subfield>
</datafield>
<datafield tag="050" ind1="0" ind2="0">
<subfield code="a">DK935</subfield>
<subfield code="b">.N68 1982</subfield>
</datafield>
<datafield tag="082" ind1="0" ind2="0">
<subfield code="a">958/.5</subfield>
<subfield code="2">19</subfield>
</datafield>
<datafield tag="245" ind1="0" ind2="0">
<subfield code="6">880-01</subfield>
<subfield code="a">Novye arkheologicheskie otkrytii&#65056;a&#65057; v Turkmenistane /</subfield>
<subfield code="c">pod redakt&#65056;s&#65057;iei&#774; V.M. Massona.</subfield>
</datafield>
<datafield tag="260" ind1=" " ind2=" ">
<subfield code="6">880-02</subfield>
<subfield code="a">Ashkhabad :</subfield>
<subfield code="b">Ylym,</subfield>
<subfield code="c">1982.</subfield>
</datafield>
<datafield tag="300" ind1=" " ind2=" ">
<subfield code="a">149 pages :</subfield>
<subfield code="b">illustrations ;</subfield>
<subfield code="c">22 cm</subfield>
</datafield>
<datafield tag="336" ind1=" " ind2=" ">
<subfield code="a">text</subfield>
<subfield code="b">txt</subfield>
<subfield code="2">rdacontent</subfield>
</datafield>
<datafield tag="337" ind1=" " ind2=" ">
<subfield code="a">unmediated</subfield>
<subfield code="b">n</subfield>
<subfield code="2">rdamedia</subfield>
</datafield>
<datafield tag="338" ind1=" " ind2=" ">
<subfield code="a">volume</subfield>
<subfield code="b">nc</subfield>
<subfield code="2">rdacarrier</subfield>
</datafield>
<datafield tag="500" ind1=" " ind2=" ">
<subfield code="a">ISAW copy is from the library of Aleksandr Leskov.</subfield>
<subfield code="5">NyNyUAW</subfield>
</datafield>
<datafield tag="500" ind1=" " ind2=" ">
<subfield code="6">880-03</subfield>
<subfield code="a">At head of title: Akademii&#65056;a&#65057; nauk Turkmenskoi&#774; SSR. Institut istorii im. Sh. Batyrova.</subfield>
</datafield>
<datafield tag="504" ind1=" " ind2=" ">
<subfield code="a">Includes bibliographical references.</subfield>
</datafield>
<datafield tag="651" ind1=" " ind2="0">
<subfield code="a">Turkmenistan</subfield>
<subfield code="x">Antiquities.</subfield>
</datafield>
<datafield tag="700" ind1="1" ind2=" ">
<subfield code="6">880-04</subfield>
<subfield code="a">Masson, V. M.</subfield>
<subfield code="q">(Vadim Mikhai&#774;lovich),</subfield>
<subfield code="d">1929-</subfield>
<subfield code="e">editor.</subfield>
</datafield>
<datafield tag="710" ind1="2" ind2=" ">
<subfield code="a">Sh. Batyrov adyndaky tarykh instituty,</subfield>
<subfield code="d">issuing body.</subfield>
</datafield>
<datafield tag="776" ind1="0" ind2="8">
<subfield code="i">Online version:</subfield>
<subfield code="t">Novye arkheologicheskie otkrytii&#65056;a&#65057; v Turkmenistane.</subfield>
<subfield code="d">Ashkhabad : Ylym, 1982</subfield>
<subfield code="w">(OCoLC)988212541</subfield>
</datafield>
<datafield tag="700" ind1="1" ind2=" ">
<subfield code="a">Leskov, Aleksandr Mikha&#301;lovich,</subfield>
<subfield code="e">former owner.</subfield>
<subfield code="5">NyNyUAW</subfield>
</datafield>
<datafield tag="740" ind1="0" ind2=" ">
<subfield code="a">Leskov Collection.</subfield>
<subfield code="5">NyNyUAW</subfield>
</datafield>
<datafield tag="880" ind1="0" ind2="0">
<subfield code="6">245-01/</subfield>
<subfield code="a">&#1053;&#1086;&#1074;&#1099;&#1077; &#1072;&#1088;&#1093;&#1077;&#1086;&#1083;&#1086;&#1075;&#1080;&#1095;&#1077;&#1089;&#1082;&#1080;&#1077; &#1086;&#1090;&#1082;&#1088;&#1099;&#1090;&#1080;&#1103; &#1074; &#1058;&#1091;&#1088;&#1082;&#1084;&#1077;&#1085;&#1080;&#1089;&#1090;&#1072;&#1085;&#1077; /</subfield>
<subfield code="c">&#1087;&#1086;&#1076; &#1088;&#1077;&#1076;&#1072;&#1082;&#1094;&#1080;&#1077;&#1081; &#1042;.&#1052;. &#1052;&#1072;&#1089;&#1089;&#1086;&#1085;&#1072;.</subfield>
</datafield>
<datafield tag="880" ind1=" " ind2=" ">
<subfield code="6">260-02/</subfield>
<subfield code="a">&#1040;&#1096;&#1093;&#1072;&#1073;&#1072;&#1076; :</subfield>
<subfield code="b">&#1067;&#1083;&#1099;&#1084;,</subfield>
<subfield code="c">1982.</subfield>
</datafield>
<datafield tag="880" ind1=" " ind2=" ">
<subfield code="6">500-03/</subfield>
<subfield code="a">&#1040;t head of tile: &#1040;&#1082;&#1072;&#1076;&#1077;&#1084;&#1080;&#1103; &#1085;&#1072;&#1091;&#1082; &#1058;&#1091;&#1088;&#1082;&#1084;&#1077;&#1085;&#1089;&#1082;&#1086;&#1081; &#1057;&#1057;&#1056;. &#1048;&#1085;&#1089;&#1090;&#1080;&#1090;&#1091;&#1090; &#1080;&#1089;&#1090;&#1086;&#1088;&#1080;&#1080; &#1080;&#1084;. &#1064;. &#1041;&#1072;&#1090;&#1099;&#1088;&#1086;&#1074;&#1072;.</subfield>
</datafield>
<datafield tag="880" ind1="1" ind2=" ">
<subfield code="6">700-04/</subfield>
<subfield code="a">&#1052;&#1072;&#1089;&#1089;&#1086;&#1085;, &#1042;. &#1052;.</subfield>
<subfield code="q">(&#1042;&#1072;&#1076;&#1080;&#1084; &#1052;&#1080;&#1093;&#1072;&#1081;&#1083;&#1086;&#1074;&#1080;&#1095;),</subfield>
<subfield code="d">1929-,</subfield>
<subfield code="e">editor.</subfield>
</datafield>
<datafield tag="OWN" ind1=" " ind2=" ">
<subfield code="a">GENERAL</subfield>
</datafield>
<datafield tag="AVA" ind1=" " ind2=" ">
<subfield code="a">NYU50</subfield>
<subfield code="b">NISAW</subfield>
<subfield code="c">Small Collection</subfield>
<subfield code="d">DK935 .N68 1982 Non-circulating</subfield>
<subfield code="e">unavailable</subfield>
<subfield code="t">Unavailable</subfield>
<subfield code="f">1</subfield>
<subfield code="g">1</subfield>
<subfield code="h">N</subfield>
<subfield code="i">0</subfield>
<subfield code="j">SMALL</subfield>
<subfield code="k">0</subfield>
</datafield>
</record>