<record xmlns="http://www.loc.gov/MARC21/slim" xmlns:xsi="http://www.w3.org/2001/XMLSchema-instance" xsi:schemaLocation="http://www.loc.gov/MARC21/slim http://www.loc.gov/standards/marcxml/schema/MARC21slim.xsd">
<leader>00000cam a22     Ii 4500</leader>
<controlfield tag="FMT">BK</controlfield>
<controlfield tag="LDR">00000cam a22     Ii 4500</controlfield>
<controlfield tag="001">006249508</controlfield>
<controlfield tag="005">20180713100815.0</controlfield>
<controlfield tag="008">180713s1975    uz af    b    000 0 rus d</controlfield>
<datafield tag="035" ind1=" " ind2=" ">
<subfield code="a">(OCoLC)80994962</subfield>
</datafield>
<datafield tag="040" ind1=" " ind2=" ">
<subfield code="a">MH</subfield>
<subfield code="b">eng</subfield>
<subfield code="c">CUD</subfield>
<subfield code="d">OCLCO</subfield>
<subfield code="d">OCLCQ</subfield>
<subfield code="d">ZYU</subfield>
</datafield>
<datafield tag="050" ind1=" " ind2="4">
<subfield code="a">DK945</subfield>
<subfield code="b">.M37 1975</subfield>
</datafield>
<datafield tag="245" ind1="0" ind2="0">
<subfield code="6">880-01</subfield>
<subfield code="a">Materialy po arkheologii Uzbekistana /</subfield>
<subfield code="c">[redkollegii&#65056;a&#65057;, Sulei&#774;manov R. Kh. (red.) and others].</subfield>
</datafield>
<datafield tag="260" ind1=" " ind2=" ">
<subfield code="6">880-02</subfield>
<subfield code="a">Samarkand :</subfield>
<subfield code="b">Samarkandskii&#774; gos. univ.,</subfield>
<subfield code="c">1975.</subfield>
</datafield>
<datafield tag="300" ind1=" " ind2=" ">
<subfield code="a">69</subfield>
<subfield code="b">illustrations ;</subfield>
<subfield code="c">20 cm.</subfield>
</datafield>
<datafield tag="336" ind1=" " ind2=" ">
<subfield code="a">text</subfield>
<subfield code="b">txt</subfield>
<subfield code="2">rdacontent</subfield>
</datafield>
<datafield tag="337" ind1=" " ind2=" ">
<subfield code="a">unmediated</subfield>
<subfield code="b">n</subfield>
<subfield code="2">rdamedia</subfield>
</datafield>
<datafield tag="338" ind1=" " ind2=" ">
<subfield code="a">volume</subfield>
<subfield code="b">nc</subfield>
<subfield code="2">rdacarrier</subfield>
</datafield>
<datafield tag="490" ind1="0" ind2=" ">
<subfield code="a">Trudy Samarkandskogo gosudarstvennogo universiteta : Novaia seriia ;</subfield>
<subfield code="v">vyp. 270</subfield>
</datafield>
<datafield tag="500" ind1=" " ind2=" ">
<subfield code="6">880-03</subfield>
<subfield code="a">At head of title: Ministerstvo vysshego i srednego spet&#65056;s&#65057;ial&#697;nogo obrazovanii&#65056;a&#65057; Uzbekskoi&#774; SSR.</subfield>
</datafield>
<datafield tag="500" ind1=" " ind2=" ">
<subfield code="a">Limited ed., 500 copies.</subfield>
</datafield>
<datafield tag="500" ind1=" " ind2=" ">
<subfield code="a">ISAW copy is from the library of Aleksandr Leskov.</subfield>
<subfield code="5">NyNyUAW</subfield>
</datafield>
<datafield tag="504" ind1=" " ind2=" ">
<subfield code="a">Includes bibliographical references.</subfield>
</datafield>
<datafield tag="651" ind1=" " ind2="0">
<subfield code="a">Uzbekistan</subfield>
<subfield code="x">History.</subfield>
</datafield>
<datafield tag="651" ind1=" " ind2="0">
<subfield code="a">Uzbekistan</subfield>
<subfield code="x">Antiquities.</subfield>
</datafield>
<datafield tag="700" ind1="1" ind2=" ">
<subfield code="6">880-04</subfield>
<subfield code="a">Sulei&#774;manov, R. Kh.,</subfield>
<subfield code="e">editor.</subfield>
</datafield>
<datafield tag="710" ind1="2" ind2=" ">
<subfield code="a">Alisher Navoii&#774; nomidagi Samarqand davlat universiteti,</subfield>
<subfield code="e">issuing body.</subfield>
</datafield>
<datafield tag="700" ind1="1" ind2=" ">
<subfield code="a">Leskov, Aleksandr Mikha&#301;lovich,</subfield>
<subfield code="e">former owner.</subfield>
<subfield code="5">NyNyUAW</subfield>
</datafield>
<datafield tag="740" ind1="0" ind2=" ">
<subfield code="a">Leskov Collection.</subfield>
<subfield code="5">NyNyUAW</subfield>
</datafield>
<datafield tag="880" ind1="0" ind2="0">
<subfield code="6">245-01/</subfield>
<subfield code="a">&#1052;&#1072;&#1090;&#1077;&#1088;&#1080;&#1072;&#1083;&#1099; &#1087;&#1086; &#1072;&#1088;&#1093;&#1077;&#1086;&#1083;&#1086;&#1075;&#1080;&#1080; &#1059;&#1079;&#1073;&#1077;&#1082;&#1080;&#1089;&#1090;&#1072;&#1085;&#1072; /</subfield>
<subfield code="c">[&#1088;&#1077;&#1076;&#1082;&#1086;&#1083;&#1083;&#1077;&#1075;&#1080;&#1103;, &#1057;&#1091;&#1083;&#1077;&#1081;&#1084;&#1072;&#1085;&#1086;&#1074; &#1056;. &#1061;. (&#1088;&#1077;&#1076;.) &#1072;nd others].</subfield>
</datafield>
<datafield tag="880" ind1=" " ind2=" ">
<subfield code="6">260-02/</subfield>
<subfield code="a">&#1057;&#1072;&#1084;&#1072;&#1088;&#1082;&#1072;&#1085;&#1076; :</subfield>
<subfield code="b">&#1057;&#1072;&#1084;&#1072;&#1088;&#1082;&#1072;&#1085;&#1076;&#1089;&#1082;&#1080;&#1081; &#1075;&#1086;&#1089;. &#1091;&#1085;&#1080;&#1074;.,</subfield>
<subfield code="c">1975.</subfield>
</datafield>
<datafield tag="880" ind1=" " ind2=" ">
<subfield code="6">500-03/</subfield>
<subfield code="a">&#1040;t head of title: &#1052;&#1080;&#1085;&#1080;&#1089;&#1090;&#1077;&#1088;&#1089;&#1090;&#1074;&#1086; &#1074;&#1099;&#1089;&#1096;&#1077;&#1075;&#1086; &#1080; &#1089;&#1088;&#1077;&#1076;&#1085;&#1077;&#1075;&#1086; &#1089;&#1087;&#1077;&#1094;&#1080;&#1072;&#1083;&#1100;&#1085;&#1086;&#1075;&#1086; &#1086;&#1073;&#1088;&#1072;&#1079;&#1086;&#1074;&#1072;&#1085;&#1080;&#1103; &#1059;&#1079;&#1073;&#1077;&#1082;&#1089;&#1082;&#1086;&#1081; &#1057;&#1057;&#1056;.</subfield>
</datafield>
<datafield tag="880" ind1="1" ind2=" ">
<subfield code="6">700-04/</subfield>
<subfield code="a">&#1057;&#1091;&#1083;&#1077;&#1081;&#1084;&#1072;&#1085;&#1086;&#1074;, &#1056;. &#1061;.,</subfield>
<subfield code="e">&#1077;ditor.</subfield>
</datafield>
<datafield tag="OWN" ind1=" " ind2=" ">
<subfield code="a">GENERAL</subfield>
</datafield>
<datafield tag="AVA" ind1=" " ind2=" ">
<subfield code="a">NYU50</subfield>
<subfield code="b">NISAW</subfield>
<subfield code="c">Small Collection</subfield>
<subfield code="d">DK945 .M37 1975 Non-circulating</subfield>
<subfield code="e">unavailable</subfield>
<subfield code="t">Unavailable</subfield>
<subfield code="f">1</subfield>
<subfield code="g">1</subfield>
<subfield code="h">N</subfield>
<subfield code="i">0</subfield>
<subfield code="j">SMALL</subfield>
<subfield code="k">0</subfield>
</datafield>
</record>