<record xmlns="http://www.loc.gov/MARC21/slim" xmlns:xsi="http://www.w3.org/2001/XMLSchema-instance" xsi:schemaLocation="http://www.loc.gov/MARC21/slim http://www.loc.gov/standards/marcxml/schema/MARC21slim.xsd">
<leader>00000cam a22     Ii 4500</leader>
<controlfield tag="FMT">BK</controlfield>
<controlfield tag="LDR">00000cam a22     Ii 4500</controlfield>
<controlfield tag="001">006255007</controlfield>
<controlfield tag="005">20180731141428.0</controlfield>
<controlfield tag="008">180725s2013    fr abe   b    001 0 fre d</controlfield>
<datafield tag="020" ind1=" " ind2=" ">
<subfield code="a">9782356130860</subfield>
</datafield>
<datafield tag="020" ind1=" " ind2=" ">
<subfield code="a">2356130861</subfield>
</datafield>
<datafield tag="035" ind1=" " ind2=" ">
<subfield code="a">(OCoLC)1032685594</subfield>
</datafield>
<datafield tag="040" ind1=" " ind2=" ">
<subfield code="a">HLS</subfield>
<subfield code="b">eng</subfield>
<subfield code="c">HLS</subfield>
<subfield code="d">OCLCO</subfield>
<subfield code="d">OCLCF</subfield>
<subfield code="d">ZYU</subfield>
</datafield>
<datafield tag="050" ind1=" " ind2="4">
<subfield code="a">DP402.P782</subfield>
<subfield code="b">L33 2013</subfield>
</datafield>
<datafield tag="082" ind1="1" ind2="4">
<subfield code="a">930</subfield>
</datafield>
<datafield tag="245" ind1="0" ind2="0">
<subfield code="a">Labitolosa :</subfield>
<subfield code="b">La Puebla de Castro, province de Huesca, Espagne : une cit&#233; romaine de l'Hispanie cit&#233;rieure /</subfield>
<subfield code="c">&#233;dit&#233; par Mar&#237;a Angeles Magall&#243;n Botaya &amp; Pierre Silli&#232;res.</subfield>
</datafield>
<datafield tag="260" ind1=" " ind2=" ">
<subfield code="a">Bordeaux :</subfield>
<subfield code="b">Ausonius,</subfield>
<subfield code="c">2013.</subfield>
</datafield>
<datafield tag="300" ind1=" " ind2=" ">
<subfield code="a">499 pages :</subfield>
<subfield code="b">illustratons (some color), maps, plans ;</subfield>
<subfield code="c">29 cm. +</subfield>
<subfield code="e">3 folded plans.</subfield>
</datafield>
<datafield tag="490" ind1="1" ind2=" ">
<subfield code="a">M&#233;moires,</subfield>
<subfield code="x">1283-2995;</subfield>
<subfield code="v">33</subfield>
</datafield>
<datafield tag="500" ind1=" " ind2=" ">
<subfield code="a">Three folded plans inside back cover.</subfield>
</datafield>
<datafield tag="504" ind1=" " ind2=" ">
<subfield code="a">Includes bibliographical references and indexes.</subfield>
</datafield>
<datafield tag="651" ind1=" " ind2="0">
<subfield code="a">Cerro Calvario Site (Spain)</subfield>
</datafield>
<datafield tag="651" ind1=" " ind2="0">
<subfield code="a">La Puebla de Castro (Spain)</subfield>
<subfield code="x">Antiquities, Roman.</subfield>
</datafield>
<datafield tag="650" ind1=" " ind2="0">
<subfield code="a">Romans</subfield>
<subfield code="z">Spain</subfield>
<subfield code="z">La Puebla de Castro.</subfield>
</datafield>
<datafield tag="650" ind1=" " ind2="0">
<subfield code="a">Excavations (Archaeology)</subfield>
<subfield code="z">Spain</subfield>
<subfield code="z">La Puebla de Castro.</subfield>
</datafield>
<datafield tag="651" ind1=" " ind2="0">
<subfield code="a">Huesca (Spain : Province)</subfield>
<subfield code="x">Antiquities, Roman.</subfield>
</datafield>
<datafield tag="651" ind1=" " ind2="7">
<subfield code="a">Labitulosa.</subfield>
<subfield code="2">pleiades</subfield>
<subfield code="0">https://pleiades.stoa.org/places/246457</subfield>
<subfield code="5">NyNyUAW</subfield>
</datafield>
<datafield tag="650" ind1=" " ind2="7">
<subfield code="a">Classical antiquities.</subfield>
<subfield code="2">fast</subfield>
<subfield code="0">(OCoLC)fst00863445</subfield>
</datafield>
<datafield tag="650" ind1=" " ind2="7">
<subfield code="a">Excavations (Archaeology)</subfield>
<subfield code="2">fast</subfield>
<subfield code="0">(OCoLC)fst00917564</subfield>
</datafield>
<datafield tag="650" ind1=" " ind2="7">
<subfield code="a">Romans.</subfield>
<subfield code="2">fast</subfield>
<subfield code="0">(OCoLC)fst01100116</subfield>
</datafield>
<datafield tag="651" ind1=" " ind2="7">
<subfield code="a">Spain</subfield>
<subfield code="z">Cerro Calvario Site.</subfield>
<subfield code="2">fast</subfield>
<subfield code="0">(OCoLC)fst01888538</subfield>
</datafield>
<datafield tag="651" ind1=" " ind2="7">
<subfield code="a">Spain</subfield>
<subfield code="z">Huesca (Province)</subfield>
<subfield code="2">fast</subfield>
<subfield code="0">(OCoLC)fst01330576</subfield>
</datafield>
<datafield tag="653" ind1=" " ind2=" ">
<subfield code="a">Spain</subfield>
<subfield code="a">La Puebla de Castro</subfield>
<subfield code="a">Romans</subfield>
<subfield code="a">Excavations (Archaeology)</subfield>
</datafield>
<datafield tag="700" ind1="1" ind2=" ">
<subfield code="a">Magall&#243;n Botaya, Mar&#237;a &#193;ngeles.</subfield>
</datafield>
<datafield tag="700" ind1="1" ind2=" ">
<subfield code="a">Silli&#232;res, Pierre.</subfield>
</datafield>
<datafield tag="830" ind1=" " ind2="0">
<subfield code="a">M&#233;moires (Ausonius (Institute)) ;</subfield>
<subfield code="v">33.</subfield>
<subfield code="x">1283-2995</subfield>
</datafield>
<datafield tag="OWN" ind1=" " ind2=" ">
<subfield code="a">GENERAL</subfield>
</datafield>
<datafield tag="AVA" ind1=" " ind2=" ">
<subfield code="a">NYU50</subfield>
<subfield code="b">NISAW</subfield>
<subfield code="c">Large Collection</subfield>
<subfield code="d">DP402.P782 L33 2013 Non-circulating</subfield>
<subfield code="e">unavailable</subfield>
<subfield code="t">Unavailable</subfield>
<subfield code="f">1</subfield>
<subfield code="g">1</subfield>
<subfield code="h">N</subfield>
<subfield code="i">0</subfield>
<subfield code="j">LARGE</subfield>
<subfield code="k">0</subfield>
</datafield>
</record>