<record xmlns="http://www.loc.gov/MARC21/slim" xmlns:xsi="http://www.w3.org/2001/XMLSchema-instance" xsi:schemaLocation="http://www.loc.gov/MARC21/slim http://www.loc.gov/standards/marcxml/schema/MARC21slim.xsd">
<leader>00000cam a22      i 4500</leader>
<controlfield tag="FMT">BK</controlfield>
<controlfield tag="LDR">00000cam a22      i 4500</controlfield>
<controlfield tag="001">006251747</controlfield>
<controlfield tag="005">20180720155859.0</controlfield>
<controlfield tag="008">180718s1976    sz ab    b    001 0 fre</controlfield>
<datafield tag="010" ind1=" " ind2=" ">
<subfield code="a">   80451802</subfield>
</datafield>
<datafield tag="015" ind1=" " ind2=" ">
<subfield code="a">Sw79-328</subfield>
</datafield>
<datafield tag="020" ind1=" " ind2=" ">
<subfield code="a">282630688X</subfield>
</datafield>
<datafield tag="020" ind1=" " ind2=" ">
<subfield code="a">9782826306887</subfield>
</datafield>
<datafield tag="035" ind1=" " ind2=" ">
<subfield code="a">(OCoLC)6091607</subfield>
<subfield code="z">(OCoLC)6010143</subfield>
</datafield>
<datafield tag="040" ind1=" " ind2=" ">
<subfield code="a">DLC</subfield>
<subfield code="b">eng</subfield>
<subfield code="c">DLC</subfield>
<subfield code="d">OCLCQ</subfield>
<subfield code="d">TOZ</subfield>
<subfield code="d">OCLCO</subfield>
<subfield code="d">OCLCF</subfield>
<subfield code="d">OCLCQ</subfield>
<subfield code="d">ZYU</subfield>
</datafield>
<datafield tag="043" ind1=" " ind2=" ">
<subfield code="a">e-rm---</subfield>
</datafield>
<datafield tag="050" ind1=" " ind2="4">
<subfield code="a">DR239</subfield>
<subfield code="b">.B47 1976</subfield>
</datafield>
<datafield tag="050" ind1="0" ind2="4">
<subfield code="a">DR239</subfield>
<subfield code="b">.B47</subfield>
</datafield>
<datafield tag="082" ind1=" " ind2="4">
<subfield code="a">949.8/01</subfield>
</datafield>
<datafield tag="100" ind1="1" ind2=" ">
<subfield code="a">Berciu, Dumitru.</subfield>
</datafield>
<datafield tag="245" ind1="1" ind2="0">
<subfield code="a">Daco-Romania /</subfield>
<subfield code="c">Dumitru Berciu ; collab., Bucur Mitrea ; [ill., Evelley Lazle] ; dessins, Epure Arges] ; [cartes, Marin Ionescu].</subfield>
</datafield>
<datafield tag="260" ind1=" " ind2=" ">
<subfield code="a">Gen&#232;ve :</subfield>
<subfield code="b">Nagel,</subfield>
<subfield code="c">cop. 1976.</subfield>
</datafield>
<datafield tag="300" ind1=" " ind2=" ">
<subfield code="a">192 pages :</subfield>
<subfield code="b">138 illustrations (some color), maps ;</subfield>
<subfield code="c">24 cm.</subfield>
</datafield>
<datafield tag="336" ind1=" " ind2=" ">
<subfield code="a">text</subfield>
<subfield code="b">txt</subfield>
<subfield code="2">rdacontent</subfield>
</datafield>
<datafield tag="337" ind1=" " ind2=" ">
<subfield code="a">unmediated</subfield>
<subfield code="b">n</subfield>
<subfield code="2">rdamedia</subfield>
</datafield>
<datafield tag="338" ind1=" " ind2=" ">
<subfield code="a">volume</subfield>
<subfield code="b">nc</subfield>
<subfield code="2">rdacarrier</subfield>
</datafield>
<datafield tag="490" ind1="1" ind2=" ">
<subfield code="a">Archaeologia mundi</subfield>
</datafield>
<datafield tag="504" ind1=" " ind2=" ">
<subfield code="a">Includes bibliographical references (pages 173-176).</subfield>
</datafield>
<datafield tag="500" ind1=" " ind2=" ">
<subfield code="a">Includes index.</subfield>
</datafield>
<datafield tag="500" ind1=" " ind2=" ">
<subfield code="a">ISAW copy is from the library of Nina Garso&#239;an.</subfield>
<subfield code="5">NyNyUAW</subfield>
</datafield>
<datafield tag="651" ind1=" " ind2="0">
<subfield code="a">Romania</subfield>
<subfield code="x">History</subfield>
<subfield code="y">To 1711.</subfield>
</datafield>
<datafield tag="651" ind1=" " ind2="0">
<subfield code="a">Romania</subfield>
<subfield code="x">Antiquities.</subfield>
</datafield>
<datafield tag="650" ind1=" " ind2="0">
<subfield code="a">Dacians.</subfield>
</datafield>
<datafield tag="651" ind1=" " ind2="7">
<subfield code="a">Dacia.</subfield>
<subfield code="2">pleiades</subfield>
<subfield code="0">https://pleiades.stoa.org/places/207065</subfield>
<subfield code="5">NyNyUAW</subfield>
</datafield>
<datafield tag="650" ind1=" " ind2="7">
<subfield code="a">Antiquities.</subfield>
<subfield code="2">fast</subfield>
<subfield code="0">(OCoLC)fst00810745</subfield>
</datafield>
<datafield tag="650" ind1=" " ind2="7">
<subfield code="a">Dacians.</subfield>
<subfield code="2">fast</subfield>
<subfield code="0">(OCoLC)fst00886664</subfield>
</datafield>
<datafield tag="651" ind1=" " ind2="7">
<subfield code="a">Romania.</subfield>
<subfield code="2">fast</subfield>
<subfield code="0">(OCoLC)fst01205085</subfield>
</datafield>
<datafield tag="648" ind1=" " ind2="7">
<subfield code="a">To 1711</subfield>
<subfield code="2">fast</subfield>
</datafield>
<datafield tag="655" ind1=" " ind2="7">
<subfield code="a">History.</subfield>
<subfield code="2">fast</subfield>
<subfield code="0">(OCoLC)fst01411628</subfield>
</datafield>
<datafield tag="700" ind1="1" ind2=" ">
<subfield code="a">Mitrea, Bucur.</subfield>
</datafield>
<datafield tag="700" ind1="1" ind2=" ">
<subfield code="a">Garso&#239;an, Nina G.,</subfield>
<subfield code="d">1923-</subfield>
<subfield code="e">former owner.</subfield>
<subfield code="5">NyNyUAW</subfield>
</datafield>
<datafield tag="740" ind1="0" ind2=" ">
<subfield code="a">Garso&#239;an Collection.</subfield>
<subfield code="5">NyNyUAW</subfield>
</datafield>
<datafield tag="830" ind1=" " ind2="0">
<subfield code="a">Archaeologia mundi French ed.</subfield>
</datafield>
<datafield tag="OWN" ind1=" " ind2=" ">
<subfield code="a">GENERAL</subfield>
</datafield>
<datafield tag="AVA" ind1=" " ind2=" ">
<subfield code="a">NYU50</subfield>
<subfield code="b">NISAW</subfield>
<subfield code="c">Small Collection</subfield>
<subfield code="d">DR239 .B47 1976</subfield>
<subfield code="e">available</subfield>
<subfield code="t">Available</subfield>
<subfield code="f">1</subfield>
<subfield code="g">0</subfield>
<subfield code="h">N</subfield>
<subfield code="i">0</subfield>
<subfield code="j">SMALL</subfield>
<subfield code="k">0</subfield>
</datafield>
</record>