<record xmlns="http://www.loc.gov/MARC21/slim" xmlns:xsi="http://www.w3.org/2001/XMLSchema-instance" xsi:schemaLocation="http://www.loc.gov/MARC21/slim http://www.loc.gov/standards/marcxml/schema/MARC21slim.xsd">
<leader>00000cam a22     Ii 4500</leader>
<controlfield tag="FMT">BK</controlfield>
<controlfield tag="LDR">00000cam a22     Ii 4500</controlfield>
<controlfield tag="001">006254695</controlfield>
<controlfield tag="005">20180731141951.0</controlfield>
<controlfield tag="008">180725s2011    fr abe   b    001 0 fre d</controlfield>
<datafield tag="016" ind1="7" ind2=" ">
<subfield code="a">016469566</subfield>
<subfield code="2">Uk</subfield>
</datafield>
<datafield tag="020" ind1=" " ind2=" ">
<subfield code="a">9782356130549</subfield>
</datafield>
<datafield tag="020" ind1=" " ind2=" ">
<subfield code="a">2356130543</subfield>
</datafield>
<datafield tag="035" ind1=" " ind2=" ">
<subfield code="a">(OCoLC)771282032</subfield>
</datafield>
<datafield tag="040" ind1=" " ind2=" ">
<subfield code="a">TZT</subfield>
<subfield code="b">eng</subfield>
<subfield code="c">TZT</subfield>
<subfield code="d">ERASP</subfield>
<subfield code="d">AUXAM</subfield>
<subfield code="d">C3L</subfield>
<subfield code="d">ZCU</subfield>
<subfield code="d">CIN</subfield>
<subfield code="d">OCLCQ</subfield>
<subfield code="d">UKMGB</subfield>
<subfield code="d">OCLCF</subfield>
<subfield code="d">OCLCQ</subfield>
<subfield code="d">OCLCO</subfield>
<subfield code="d">ZYU</subfield>
</datafield>
<datafield tag="043" ind1=" " ind2=" ">
<subfield code="a">e-ci---</subfield>
<subfield code="a">e-xv---</subfield>
</datafield>
<datafield tag="050" ind1=" " ind2="4">
<subfield code="a">DR1350.I78</subfield>
<subfield code="b">I8937 2011</subfield>
</datafield>
<datafield tag="072" ind1=" " ind2="7">
<subfield code="a">D</subfield>
<subfield code="2">lcco</subfield>
</datafield>
<datafield tag="082" ind1="1" ind2="4">
<subfield code="a">930</subfield>
<subfield code="2">1</subfield>
</datafield>
<datafield tag="100" ind1="1" ind2=" ">
<subfield code="a">Carre, M.-B.</subfield>
</datafield>
<datafield tag="245" ind1="1" ind2="2">
<subfield code="a">L'Istrie et la mer :</subfield>
<subfield code="b">la c&#244;te du Parentin dans l'Antiquit&#233; /</subfield>
<subfield code="c">Marie-Brigitte Carre, Vladimir Kovac&#774;ic&#774;, Francis Tassaux ; avec la collaboration de Anne Bardot, Gaetano Bencic, V&#233;ronique Blanc-Bijon [and others].</subfield>
</datafield>
<datafield tag="260" ind1=" " ind2=" ">
<subfield code="a">Pessac :</subfield>
<subfield code="b">Ausonius,</subfield>
<subfield code="c">2011.</subfield>
</datafield>
<datafield tag="300" ind1=" " ind2=" ">
<subfield code="a">304 pages :</subfield>
<subfield code="b">illustrations (chiefly color), maps, plans ;</subfield>
<subfield code="c">29 cm.</subfield>
</datafield>
<datafield tag="336" ind1=" " ind2=" ">
<subfield code="a">text</subfield>
<subfield code="b">txt</subfield>
<subfield code="2">rdacontent</subfield>
</datafield>
<datafield tag="337" ind1=" " ind2=" ">
<subfield code="a">unmediated</subfield>
<subfield code="b">n</subfield>
<subfield code="2">rdamedia</subfield>
</datafield>
<datafield tag="338" ind1=" " ind2=" ">
<subfield code="a">volume</subfield>
<subfield code="b">nc</subfield>
<subfield code="2">rdacarrier</subfield>
</datafield>
<datafield tag="490" ind1="1" ind2=" ">
<subfield code="a">M&#233;moires,</subfield>
<subfield code="x">1283-2995 ;</subfield>
<subfield code="v">25</subfield>
</datafield>
<datafield tag="504" ind1=" " ind2=" ">
<subfield code="a">Includes bibliographical references (pages 285-302) and index.</subfield>
</datafield>
<datafield tag="651" ind1=" " ind2="0">
<subfield code="a">Istria (Croatia and Slovenia)</subfield>
<subfield code="x">History.</subfield>
</datafield>
<datafield tag="651" ind1=" " ind2="0">
<subfield code="a">Istria (Croatia and Slovenia)</subfield>
<subfield code="x">Antiquities.</subfield>
</datafield>
<datafield tag="651" ind1=" " ind2="0">
<subfield code="a">Istria (Croatia and Slovenia)</subfield>
<subfield code="x">History, Naval.</subfield>
</datafield>
<datafield tag="650" ind1=" " ind2="0">
<subfield code="a">Excavations (Archaeology)</subfield>
<subfield code="z">Istria (Croatia and Slovenia)</subfield>
</datafield>
<datafield tag="651" ind1=" " ind2="7">
<subfield code="a">Histria.</subfield>
<subfield code="2">pleiades</subfield>
<subfield code="0">https://pleiades.stoa.org/places/197304</subfield>
<subfield code="5">NyNyUAW</subfield>
</datafield>
<datafield tag="650" ind1=" " ind2="7">
<subfield code="a">Antiquities.</subfield>
<subfield code="2">fast</subfield>
<subfield code="0">(OCoLC)fst00810745</subfield>
</datafield>
<datafield tag="650" ind1=" " ind2="7">
<subfield code="a">Excavations (Archaeology)</subfield>
<subfield code="2">fast</subfield>
<subfield code="0">(OCoLC)fst00917564</subfield>
</datafield>
<datafield tag="651" ind1=" " ind2="7">
<subfield code="a">Europe</subfield>
<subfield code="z">Istria.</subfield>
<subfield code="2">fast</subfield>
<subfield code="0">(OCoLC)fst01310433</subfield>
</datafield>
<datafield tag="653" ind1=" " ind2=" ">
<subfield code="a">Roman archaeology</subfield>
<subfield code="a">Croatia</subfield>
</datafield>
<datafield tag="655" ind1=" " ind2="7">
<subfield code="a">History.</subfield>
<subfield code="2">fast</subfield>
<subfield code="0">(OCoLC)fst01411628</subfield>
</datafield>
<datafield tag="655" ind1=" " ind2="7">
<subfield code="a">Naval history.</subfield>
<subfield code="2">fast</subfield>
<subfield code="0">(OCoLC)fst01411632</subfield>
</datafield>
<datafield tag="700" ind1="1" ind2=" ">
<subfield code="a">Kovac&#774;ic&#774;, Vladimir,</subfield>
<subfield code="c">(Archaeologist).</subfield>
</datafield>
<datafield tag="700" ind1="1" ind2=" ">
<subfield code="a">Tassaux, Francis.</subfield>
</datafield>
<datafield tag="830" ind1=" " ind2="0">
<subfield code="a">M&#233;moires (Ausonius (Institute)) ;</subfield>
<subfield code="v">25.</subfield>
<subfield code="x">1283-2995</subfield>
</datafield>
<datafield tag="OWN" ind1=" " ind2=" ">
<subfield code="a">GENERAL</subfield>
</datafield>
<datafield tag="AVA" ind1=" " ind2=" ">
<subfield code="a">NYU50</subfield>
<subfield code="b">NISAW</subfield>
<subfield code="c">Large Collection</subfield>
<subfield code="d">DR1350.I78 I8937 2011 Non-circulating</subfield>
<subfield code="e">unavailable</subfield>
<subfield code="t">Unavailable</subfield>
<subfield code="f">1</subfield>
<subfield code="g">1</subfield>
<subfield code="h">N</subfield>
<subfield code="i">0</subfield>
<subfield code="j">LARGE</subfield>
<subfield code="k">0</subfield>
</datafield>
</record>