<record xmlns="http://www.loc.gov/MARC21/slim" xmlns:xsi="http://www.w3.org/2001/XMLSchema-instance" xsi:schemaLocation="http://www.loc.gov/MARC21/slim http://www.loc.gov/standards/marcxml/schema/MARC21slim.xsd">
<leader>00000cam a22        4500</leader>
<controlfield tag="FMT">BK</controlfield>
<controlfield tag="LDR">00000cam a22        4500</controlfield>
<controlfield tag="001">006218960</controlfield>
<controlfield tag="005">20180709130216.0</controlfield>
<controlfield tag="008">180702s1877    enkab         000 0 eng</controlfield>
<datafield tag="010" ind1=" " ind2=" ">
<subfield code="a">   74194058</subfield>
</datafield>
<datafield tag="035" ind1=" " ind2=" ">
<subfield code="a">(OCoLC)1254252</subfield>
</datafield>
<datafield tag="040" ind1=" " ind2=" ">
<subfield code="a">DLC</subfield>
<subfield code="b">eng</subfield>
<subfield code="c">DLC</subfield>
<subfield code="d">OCLCO</subfield>
<subfield code="d">OCLCF</subfield>
<subfield code="d">OCLCA</subfield>
<subfield code="d">OCLCQ</subfield>
<subfield code="d">OCLCO</subfield>
<subfield code="d">ZYU</subfield>
</datafield>
<datafield tag="043" ind1=" " ind2=" ">
<subfield code="a">aw-----</subfield>
</datafield>
<datafield tag="050" ind1=" " ind2="4">
<subfield code="a">DS49.3</subfield>
<subfield code="b">.C8 1877</subfield>
</datafield>
<datafield tag="050" ind1="0" ind2="0">
<subfield code="a">DS49.3</subfield>
<subfield code="b">.C8</subfield>
</datafield>
<datafield tag="082" ind1="0" ind2="0">
<subfield code="a">915.6/04/1</subfield>
</datafield>
<datafield tag="100" ind1="1" ind2=" ">
<subfield code="a">Cutts, Edward Lewes,</subfield>
<subfield code="d">1824-1901.</subfield>
</datafield>
<datafield tag="245" ind1="1" ind2="0">
<subfield code="a">Christians under the crescent in Asia /</subfield>
<subfield code="c">by E.L. Cutts.</subfield>
</datafield>
<datafield tag="260" ind1=" " ind2=" ">
<subfield code="a">London :</subfield>
<subfield code="b">Society for Promoting Christian Knowledge;</subfield>
<subfield code="a">New York :</subfield>
<subfield code="b">Pott, Young,</subfield>
<subfield code="c">[1877]</subfield>
</datafield>
<datafield tag="300" ind1=" " ind2=" ">
<subfield code="a">359</subfield>
<subfield code="b">illustrations, map ;</subfield>
<subfield code="c">21 cm</subfield>
</datafield>
<datafield tag="336" ind1=" " ind2=" ">
<subfield code="a">text</subfield>
<subfield code="b">txt</subfield>
<subfield code="2">rdacontent</subfield>
</datafield>
<datafield tag="337" ind1=" " ind2=" ">
<subfield code="a">unmediated</subfield>
<subfield code="b">n</subfield>
<subfield code="2">rdamedia</subfield>
</datafield>
<datafield tag="338" ind1=" " ind2=" ">
<subfield code="a">volume</subfield>
<subfield code="b">nc</subfield>
<subfield code="2">rdacarrier</subfield>
</datafield>
<datafield tag="500" ind1=" " ind2=" ">
<subfield code="a">"Published under the direction of the Committee of General Literature and Education appointed by the Society for Promoting Christian Knowledge."</subfield>
</datafield>
<datafield tag="500" ind1=" " ind2=" ">
<subfield code="a">ISAW copy is from the library of Nina Garso&#239;an.</subfield>
<subfield code="5">NyNyUAW</subfield>
</datafield>
<datafield tag="651" ind1=" " ind2="0">
<subfield code="a">Middle East</subfield>
<subfield code="x">Description and travel.</subfield>
</datafield>
<datafield tag="650" ind1=" " ind2="0">
<subfield code="a">Christians</subfield>
<subfield code="z">Middle East.</subfield>
</datafield>
<datafield tag="610" ind1="2" ind2="0">
<subfield code="a">Church of the East</subfield>
<subfield code="x">History.</subfield>
</datafield>
<datafield tag="610" ind1="2" ind2="0">
<subfield code="a">Assyrian Church of the East</subfield>
<subfield code="x">History.</subfield>
</datafield>
<datafield tag="610" ind1="2" ind2="7">
<subfield code="a">Assyrian Church of the East.</subfield>
<subfield code="2">fast</subfield>
<subfield code="0">(OCoLC)fst00616879</subfield>
</datafield>
<datafield tag="610" ind1="2" ind2="7">
<subfield code="a">Church of the East.</subfield>
<subfield code="2">fast</subfield>
<subfield code="0">(OCoLC)fst01761954</subfield>
</datafield>
<datafield tag="650" ind1=" " ind2="7">
<subfield code="a">Christians.</subfield>
<subfield code="2">fast</subfield>
<subfield code="0">(OCoLC)fst00859760</subfield>
</datafield>
<datafield tag="650" ind1=" " ind2="7">
<subfield code="a">Travel.</subfield>
<subfield code="2">fast</subfield>
<subfield code="0">(OCoLC)fst01155558</subfield>
</datafield>
<datafield tag="651" ind1=" " ind2="7">
<subfield code="a">Middle East.</subfield>
<subfield code="2">fast</subfield>
<subfield code="0">(OCoLC)fst01241586</subfield>
</datafield>
<datafield tag="655" ind1=" " ind2="7">
<subfield code="a">History.</subfield>
<subfield code="2">fast</subfield>
<subfield code="0">(OCoLC)fst01411628</subfield>
</datafield>
<datafield tag="700" ind1="1" ind2=" ">
<subfield code="a">Garso&#239;an, Nina G.,</subfield>
<subfield code="d">1923-</subfield>
<subfield code="e">former owner.</subfield>
<subfield code="5">NyNyUAW</subfield>
</datafield>
<datafield tag="740" ind1="0" ind2=" ">
<subfield code="a">Garso&#239;an Collection.</subfield>
<subfield code="5">NyNyUAW</subfield>
</datafield>
<datafield tag="776" ind1="0" ind2="8">
<subfield code="i">Online version:</subfield>
<subfield code="a">Cutts, Edward Lewes, 1824-1901.</subfield>
<subfield code="t">Christians under the crescent in Asia.</subfield>
<subfield code="d">London, Society for Promoting Christian Knowledge; New York, Pott, Young [1877]</subfield>
<subfield code="w">(OCoLC)707360696</subfield>
</datafield>
<datafield tag="OWN" ind1=" " ind2=" ">
<subfield code="a">GENERAL</subfield>
</datafield>
<datafield tag="AVA" ind1=" " ind2=" ">
<subfield code="a">NYU50</subfield>
<subfield code="b">NISAW</subfield>
<subfield code="c">Small Collection</subfield>
<subfield code="d">DS49.3 .C8 1877</subfield>
<subfield code="e">unavailable</subfield>
<subfield code="t">Unavailable</subfield>
<subfield code="f">1</subfield>
<subfield code="g">1</subfield>
<subfield code="h">N</subfield>
<subfield code="i">0</subfield>
<subfield code="j">SMALL</subfield>
<subfield code="k">0</subfield>
</datafield>
</record>