<record xmlns="http://www.loc.gov/MARC21/slim" xmlns:xsi="http://www.w3.org/2001/XMLSchema-instance" xsi:schemaLocation="http://www.loc.gov/MARC21/slim http://www.loc.gov/standards/marcxml/schema/MARC21slim.xsd">
<leader>00000cam a22     Ii 4500</leader>
<controlfield tag="FMT">BK</controlfield>
<controlfield tag="LDR">00000cam a22     Ii 4500</controlfield>
<controlfield tag="001">006225007</controlfield>
<controlfield tag="005">20180713143234.0</controlfield>
<controlfield tag="008">180709s2017    tu ab    b    000 0 tur d</controlfield>
<datafield tag="020" ind1=" " ind2=" ">
<subfield code="a">6059680674</subfield>
</datafield>
<datafield tag="020" ind1=" " ind2=" ">
<subfield code="a">9786059680677</subfield>
</datafield>
<datafield tag="035" ind1=" " ind2=" ">
<subfield code="a">(OCoLC)1029571103</subfield>
<subfield code="z">(OCoLC)1029482133</subfield>
</datafield>
<datafield tag="040" ind1=" " ind2=" ">
<subfield code="a">YDX</subfield>
<subfield code="b">eng</subfield>
<subfield code="e">rda</subfield>
<subfield code="c">YDX</subfield>
<subfield code="d">CNO</subfield>
<subfield code="d">OCLCF</subfield>
<subfield code="d">CUY</subfield>
</datafield>
<datafield tag="041" ind1="0" ind2=" ">
<subfield code="a">tur</subfield>
<subfield code="a">eng</subfield>
</datafield>
<datafield tag="043" ind1=" " ind2=" ">
<subfield code="a">a-tu---</subfield>
</datafield>
<datafield tag="050" ind1=" " ind2="4">
<subfield code="a">DS51.T234</subfield>
<subfield code="b">S86 2017</subfield>
</datafield>
<datafield tag="100" ind1="1" ind2=" ">
<subfield code="a">Summerer, L&#226;tife,</subfield>
<subfield code="e">author.</subfield>
</datafield>
<datafield tag="245" ind1="1" ind2="0">
<subfield code="a">Pompeiopolis-Ta&#351;k&#246;pr&#252; :</subfield>
<subfield code="b">ba&#351;kentten il&#231;eye 2000 yil = Pompeiopolis-Ta&#351;k&#246;pr&#252; : 2000 years from metropolis to county town /</subfield>
<subfield code="c">L&#226;tife Summerer.</subfield>
</datafield>
<datafield tag="246" ind1="3" ind2="0">
<subfield code="a">Ba&#351;kentten il&#231;eye 2000 yil</subfield>
</datafield>
<datafield tag="246" ind1="3" ind2="0">
<subfield code="a">2000 years from metropolis to county town</subfield>
</datafield>
<datafield tag="264" ind1=" " ind2="1">
<subfield code="a">&#304;stanbul :</subfield>
<subfield code="b">Ege Yayinlari,</subfield>
<subfield code="c">2017.</subfield>
</datafield>
<datafield tag="300" ind1=" " ind2=" ">
<subfield code="a">172 pages :</subfield>
<subfield code="b">illustrations (some color), maps ;</subfield>
<subfield code="c">29 cm</subfield>
</datafield>
<datafield tag="336" ind1=" " ind2=" ">
<subfield code="a">text</subfield>
<subfield code="b">txt</subfield>
<subfield code="2">rdacontent</subfield>
</datafield>
<datafield tag="336" ind1=" " ind2=" ">
<subfield code="a">still image</subfield>
<subfield code="b">sti</subfield>
<subfield code="2">rdacontent</subfield>
</datafield>
<datafield tag="337" ind1=" " ind2=" ">
<subfield code="a">unmediated</subfield>
<subfield code="b">n</subfield>
<subfield code="2">rdamedia</subfield>
</datafield>
<datafield tag="338" ind1=" " ind2=" ">
<subfield code="a">volume</subfield>
<subfield code="b">nc</subfield>
<subfield code="2">rdacarrier</subfield>
</datafield>
<datafield tag="504" ind1=" " ind2=" ">
<subfield code="a">Includes bibliographical references (pages 171-172).</subfield>
</datafield>
<datafield tag="546" ind1=" " ind2=" ">
<subfield code="a">Turkish and English in parallel columns.</subfield>
</datafield>
<datafield tag="651" ind1=" " ind2="0">
<subfield code="a">Ta&#351;k&#246;pr&#252; (Kastamonu &#304;li, Turkey)</subfield>
<subfield code="x">History</subfield>
<subfield code="v">Pictorial works.</subfield>
</datafield>
<datafield tag="651" ind1=" " ind2="0">
<subfield code="a">Pompeiopolis (Kastamonu &#304;li, Turkey : Extinct city)</subfield>
</datafield>
<datafield tag="651" ind1=" " ind2="7">
<subfield code="a">Pompeiopolis/Sebaste.</subfield>
<subfield code="2">pleiades</subfield>
<subfield code="0">https://pleiades.stoa.org/places/845041</subfield>
</datafield>
<datafield tag="651" ind1=" " ind2="7">
<subfield code="a">Turkey</subfield>
<subfield code="z">Pompeiopolis (Kastamonu &#304;li : Extinct city)</subfield>
<subfield code="2">fast</subfield>
<subfield code="0">(OCoLC)fst01890955</subfield>
</datafield>
<datafield tag="655" ind1=" " ind2="7">
<subfield code="a">History.</subfield>
<subfield code="2">fast</subfield>
<subfield code="0">(OCoLC)fst01411628</subfield>
</datafield>
<datafield tag="655" ind1=" " ind2="7">
<subfield code="a">Pictorial works.</subfield>
<subfield code="2">fast</subfield>
<subfield code="0">(OCoLC)fst01423874</subfield>
</datafield>
<datafield tag="OWN" ind1=" " ind2=" ">
<subfield code="a">GENERAL</subfield>
</datafield>
<datafield tag="AVA" ind1=" " ind2=" ">
<subfield code="a">NYU50</subfield>
<subfield code="b">NISAW</subfield>
<subfield code="c">Large Collection</subfield>
<subfield code="d">DS51.T234 S86 2017 Non-circulating</subfield>
<subfield code="e">unavailable</subfield>
<subfield code="t">Unavailable</subfield>
<subfield code="f">1</subfield>
<subfield code="g">1</subfield>
<subfield code="h">N</subfield>
<subfield code="i">0</subfield>
<subfield code="j">LARGE</subfield>
<subfield code="k">0</subfield>
</datafield>
</record>