<record xmlns="http://www.loc.gov/MARC21/slim" xmlns:xsi="http://www.w3.org/2001/XMLSchema-instance" xsi:schemaLocation="http://www.loc.gov/MARC21/slim http://www.loc.gov/standards/marcxml/schema/MARC21slim.xsd">
<leader>00000cam a2200433Ii 4500</leader>
<controlfield tag="FMT">BK</controlfield>
<controlfield tag="LDR">00000cam a2200433Ii 4500</controlfield>
<controlfield tag="001">006251703</controlfield>
<controlfield tag="003">OCoLC</controlfield>
<controlfield tag="005">20180718113755.0</controlfield>
<controlfield tag="008">180718s2017    gr ab    b    000 0 greod</controlfield>
<datafield tag="020" ind1=" " ind2=" ">
<subfield code="a">9786185060237</subfield>
</datafield>
<datafield tag="020" ind1=" " ind2=" ">
<subfield code="a">618506023X</subfield>
</datafield>
<datafield tag="035" ind1=" " ind2=" ">
<subfield code="a">(OCoLC)1020481892</subfield>
</datafield>
<datafield tag="040" ind1=" " ind2=" ">
<subfield code="a">HUL</subfield>
<subfield code="b">eng</subfield>
<subfield code="e">rda</subfield>
<subfield code="c">HUL</subfield>
<subfield code="d">OCLCO</subfield>
<subfield code="d">OCLCF</subfield>
<subfield code="d">CUY</subfield>
<subfield code="d">ZYU</subfield>
</datafield>
<datafield tag="041" ind1="0" ind2=" ">
<subfield code="a">gre</subfield>
<subfield code="b">eng</subfield>
</datafield>
<datafield tag="043" ind1=" " ind2=" ">
<subfield code="a">a-cy---</subfield>
</datafield>
<datafield tag="050" ind1=" " ind2="4">
<subfield code="a">DS54.3</subfield>
<subfield code="b">.A865 2017</subfield>
</datafield>
<datafield tag="245" ind1="0" ind2="0">
<subfield code="6">880-01</subfield>
<subfield code="a">Archaia Kypros :</subfield>
<subfield code="b">prosphates exelixeis st&#275;n archaiologia t&#275;s anatolik&#275;s Mesogeiou /</subfield>
<subfield code="c">epimeleia Nikos Papad&#275;m&#275;triou, Maria Tol&#275;.</subfield>
</datafield>
<datafield tag="264" ind1=" " ind2="1">
<subfield code="6">880-02</subfield>
<subfield code="a">Ath&#275;na :</subfield>
<subfield code="b">Mouseio Kykladik&#275;s Techn&#275;s,</subfield>
<subfield code="c">2017.</subfield>
</datafield>
<datafield tag="300" ind1=" " ind2=" ">
<subfield code="a">335 pages :</subfield>
<subfield code="b">illustrations (some color), maps ;</subfield>
<subfield code="c">30 cm</subfield>
</datafield>
<datafield tag="336" ind1=" " ind2=" ">
<subfield code="a">text</subfield>
<subfield code="b">txt</subfield>
<subfield code="2">rdacontent</subfield>
</datafield>
<datafield tag="337" ind1=" " ind2=" ">
<subfield code="a">unmediated</subfield>
<subfield code="b">n</subfield>
<subfield code="2">rdamedia</subfield>
</datafield>
<datafield tag="338" ind1=" " ind2=" ">
<subfield code="a">volume</subfield>
<subfield code="b">nc</subfield>
<subfield code="2">rdacarrier</subfield>
</datafield>
<datafield tag="504" ind1=" " ind2=" ">
<subfield code="a">Includes bibliographical references.</subfield>
</datafield>
<datafield tag="546" ind1=" " ind2=" ">
<subfield code="a">Includes English summaries after each paper and English overview at the end of the book.</subfield>
</datafield>
<datafield tag="500" ind1=" " ind2=" ">
<subfield code="a">Papers from the Cyprus Seminar Lecture Series, delivered at the Museum of Cycladic Art in 2014 and 2015.</subfield>
</datafield>
<datafield tag="651" ind1=" " ind2="0">
<subfield code="a">Cyprus</subfield>
<subfield code="x">Antiquities.</subfield>
</datafield>
<datafield tag="650" ind1=" " ind2="0">
<subfield code="a">Excavations (Archaeology)</subfield>
<subfield code="z">Cyprus.</subfield>
</datafield>
<datafield tag="651" ind1=" " ind2="7">
<subfield code="a">Cyprus (island)</subfield>
<subfield code="2">pleiades</subfield>
<subfield code="0">https://pleiades.stoa.org/places/707498</subfield>
</datafield>
<datafield tag="650" ind1=" " ind2="7">
<subfield code="a">Antiquities.</subfield>
<subfield code="2">fast</subfield>
<subfield code="0">(OCoLC)fst00810745</subfield>
</datafield>
<datafield tag="650" ind1=" " ind2="7">
<subfield code="a">Excavations (Archaeology)</subfield>
<subfield code="2">fast</subfield>
<subfield code="0">(OCoLC)fst00917564</subfield>
</datafield>
<datafield tag="651" ind1=" " ind2="7">
<subfield code="a">Cyprus.</subfield>
<subfield code="2">fast</subfield>
<subfield code="0">(OCoLC)fst01205213</subfield>
</datafield>
<datafield tag="700" ind1="1" ind2=" ">
<subfield code="6">880-03</subfield>
<subfield code="a">Papadimitriou, Nikolas,</subfield>
<subfield code="e">editor.</subfield>
</datafield>
<datafield tag="700" ind1="1" ind2=" ">
<subfield code="6">880-04</subfield>
<subfield code="a">Donka-Tol&#275;, Maria,</subfield>
<subfield code="e">editor.</subfield>
</datafield>
<datafield tag="880" ind1="0" ind2="0">
<subfield code="6">245-01/</subfield>
<subfield code="a">&#913;&#961;&#967;&#945;&#953;&#945; &#922;&#965;&#960;&#961;&#959;&#962; :</subfield>
<subfield code="b">&#960;&#961;&#972;&#963;&#966;&#945;&#964;&#949;&#962; &#949;&#958;&#949;&#955;&#943;&#958;&#949;&#953;&#962; &#963;&#964;&#951;&#957; &#945;&#961;&#967;&#945;&#953;&#959;&#955;&#959;&#947;&#943;&#945; &#964;&#951;&#962; &#945;&#957;&#945;&#964;&#959;&#955;&#953;&#954;&#942;&#962; &#924;&#949;&#963;&#959;&#947;&#949;&#943;&#959;&#965; /</subfield>
<subfield code="c">&#949;&#960;&#953;&#956;&#941;&#955;&#949;&#953;&#945; &#925;&#943;&#954;&#959;&#962; &#928;&#945;&#960;&#945;&#948;&#951;&#956;&#951;&#964;&#961;&#943;&#959;&#965;, &#924;&#945;&#961;&#943;&#945; &#932;&#972;&#955;&#951;.</subfield>
</datafield>
<datafield tag="880" ind1=" " ind2="1">
<subfield code="6">264-02/</subfield>
<subfield code="a">&#913;&#952;&#942;&#957;&#945; :</subfield>
<subfield code="b">&#924;&#959;&#965;&#963;&#949;&#943;&#959; &#922;&#965;&#954;&#955;&#945;&#948;&#953;&#954;&#942;&#962; &#932;&#941;&#967;&#957;&#951;&#962;,</subfield>
<subfield code="c">2017.</subfield>
</datafield>
<datafield tag="880" ind1="1" ind2=" ">
<subfield code="6">700-03/</subfield>
<subfield code="a">&#928;&#945;&#960;&#945;&#948;&#953;&#956;&#953;&#964;&#961;&#953;&#959;&#965;, &#925;&#953;&#954;&#959;&#955;&#945;&#962;,</subfield>
<subfield code="e">editor.</subfield>
</datafield>
<datafield tag="880" ind1="1" ind2=" ">
<subfield code="6">700-04/</subfield>
<subfield code="a">&#916;&#959;&#947;&#954;&#945;-&#932;&#959;&#955;&#951;, &#924;&#945;&#961;&#953;&#945;,</subfield>
<subfield code="e">editor.</subfield>
</datafield>
<datafield tag="994" ind1=" " ind2=" ">
<subfield code="a">Z0</subfield>
<subfield code="b">ZYU</subfield>
</datafield>
<datafield tag="OWN" ind1=" " ind2=" ">
<subfield code="a">GENERAL</subfield>
</datafield>
<datafield tag="AVA" ind1=" " ind2=" ">
<subfield code="a">NYU50</subfield>
<subfield code="b">NISAW</subfield>
<subfield code="c">Large Collection</subfield>
<subfield code="d">DS54.3 .A865 2017</subfield>
<subfield code="e">unavailable</subfield>
<subfield code="t">Unavailable</subfield>
<subfield code="f">1</subfield>
<subfield code="g">1</subfield>
<subfield code="h">N</subfield>
<subfield code="i">0</subfield>
<subfield code="j">LARGE</subfield>
<subfield code="k">0</subfield>
</datafield>
</record>