<record xmlns="http://www.loc.gov/MARC21/slim" xmlns:xsi="http://www.w3.org/2001/XMLSchema-instance" xsi:schemaLocation="http://www.loc.gov/MARC21/slim http://www.loc.gov/standards/marcxml/schema/MARC21slim.xsd">
<leader>00000cam a22     Ii 4500</leader>
<controlfield tag="FMT">BK</controlfield>
<controlfield tag="LDR">00000cam a22     Ii 4500</controlfield>
<controlfield tag="001">006253572</controlfield>
<controlfield tag="005">20180723125654.0</controlfield>
<controlfield tag="008">180723s2018    gw a     b    010 0dger d</controlfield>
<datafield tag="016" ind1="7" ind2=" ">
<subfield code="a">1159911967</subfield>
<subfield code="2">GyFmDB</subfield>
</datafield>
<datafield tag="020" ind1=" " ind2=" ">
<subfield code="a">9783963270109</subfield>
<subfield code="q">(hd.bd.)</subfield>
</datafield>
<datafield tag="020" ind1=" " ind2=" ">
<subfield code="a">3963270101</subfield>
<subfield code="q">(hd.bd.)</subfield>
</datafield>
<datafield tag="020" ind1=" " ind2=" ">
<subfield code="z">9783963270116 (print + online)</subfield>
</datafield>
<datafield tag="024" ind1="3" ind2=" ">
<subfield code="a">9783963270109</subfield>
</datafield>
<datafield tag="035" ind1=" " ind2=" ">
<subfield code="a">(OCoLC)1039819214</subfield>
</datafield>
<datafield tag="040" ind1=" " ind2=" ">
<subfield code="a">OHX</subfield>
<subfield code="b">eng</subfield>
<subfield code="e">rda</subfield>
<subfield code="c">OHX</subfield>
<subfield code="d">ERASA</subfield>
<subfield code="d">OCLCO</subfield>
<subfield code="d">VU@</subfield>
<subfield code="d">YDX</subfield>
<subfield code="d">L2U</subfield>
<subfield code="d">CGU</subfield>
<subfield code="d">ZYU</subfield>
</datafield>
<datafield tag="041" ind1="0" ind2=" ">
<subfield code="a">ger</subfield>
<subfield code="a">eng</subfield>
<subfield code="a">fre</subfield>
</datafield>
<datafield tag="050" ind1=" " ind2="4">
<subfield code="a">DS56</subfield>
<subfield code="b">.G745 2018</subfield>
</datafield>
<datafield tag="072" ind1=" " ind2="7">
<subfield code="a">DS</subfield>
<subfield code="2">lcco</subfield>
</datafield>
<datafield tag="082" ind1="0" ind2="4">
<subfield code="a">932-933</subfield>
</datafield>
<datafield tag="245" ind1="0" ind2="0">
<subfield code="a">Grenzu&#776;berschreitungen :</subfield>
<subfield code="b">Studien zur Kulturgeschichte des Alten Orients : Festschrift fu&#776;r Hans Neumann zum 65. Geburtstag am 9. Mai 2018 /</subfield>
<subfield code="c">herausgegeben von Kristin Kleber, Georg Neumann und Susanne Paulus ; unter Mitarbeit von Christin Mo&#776;llenbeck.</subfield>
</datafield>
<datafield tag="264" ind1=" " ind2="1">
<subfield code="a">Mu&#776;nster :</subfield>
<subfield code="b">Zaphon,</subfield>
<subfield code="c">2018.</subfield>
</datafield>
<datafield tag="300" ind1=" " ind2=" ">
<subfield code="a">824</subfield>
<subfield code="b">illustrations ;</subfield>
<subfield code="c">25 cm.</subfield>
</datafield>
<datafield tag="336" ind1=" " ind2=" ">
<subfield code="a">text</subfield>
<subfield code="b">txt</subfield>
<subfield code="2">rdacontent</subfield>
</datafield>
<datafield tag="337" ind1=" " ind2=" ">
<subfield code="a">unmediated</subfield>
<subfield code="b">n</subfield>
<subfield code="2">rdamedia</subfield>
</datafield>
<datafield tag="338" ind1=" " ind2=" ">
<subfield code="a">volume</subfield>
<subfield code="b">nc</subfield>
<subfield code="2">rdacarrier</subfield>
</datafield>
<datafield tag="490" ind1="1" ind2=" ">
<subfield code="a">Dubsar ;</subfield>
<subfield code="v">Band 5</subfield>
</datafield>
<datafield tag="546" ind1=" " ind2=" ">
<subfield code="a">27 German, 12 English, 2 French contributions.</subfield>
</datafield>
<datafield tag="500" ind1=" " ind2=" ">
<subfield code="a">Includes bibliograhical references.</subfield>
</datafield>
<datafield tag="500" ind1=" " ind2=" ">
<subfield code="a">Includes bibliography of Hans Neumann (pages xxiii-xliii).</subfield>
</datafield>
<datafield tag="504" ind1=" " ind2=" ">
<subfield code="a">Includes bibliographical references.</subfield>
</datafield>
<datafield tag="520" ind1="8" ind2=" ">
<subfield code="a">From the contents: Reinhard Achenbach: Leges Sacrae. Sacred Law in Ancient Greek and Biblical Tradition - Alfonso Archi:Guests at the Court of Ebla0- Nikita Artemov: Ideology and Propaganda. Some Reflections on Two Problematic Terms - Barbara Bo&#776;ck: Zur Weitergabe und Verbreitung altmesopotamischen medizinischen Wissens. Die Verwendung von Alaun und Schmirgel in diachronischer Perspektive - Eva Cancik-Kirschbaum; Nele Ziegler: Untersuchungen zur Toponymie Nordmesopotamiens im zweiten Jahrtausend v. Chr. 2. Von Go&#776;ttern und Menschen - Dominique Charpin: Dons ou ventes de terres par les rois a&#768; l' e&#769;poque pale&#769;o-babylonienne - Manfried Dietrich: h-bry s&#774;mym "die Himmelsbeschauer" in Jes. 47,13b. Zum babylonischen b-r-y "sehen, (be)schauen, (kritisch) u&#776;berpru&#776;fen, verifizieren" im Alten Testament 0- Reinhard Dittmann: Notes on Pig-tailed Women in the Glyptic of the Third Millennium B.C.0- Betina Faist: Der abgewiesene Bewerber. Zur Eheschlie&#223;ung in der altbabylonischen Zeit - Gertrud and Walter Farber: The Cuneiform Tablets at Northwestern University Library in Evanston, Illinois.</subfield>
</datafield>
<datafield tag="650" ind1=" " ind2="0">
<subfield code="a">Assyriology.</subfield>
</datafield>
<datafield tag="651" ind1=" " ind2="0">
<subfield code="a">Middle East</subfield>
<subfield code="x">Antiquities.</subfield>
</datafield>
<datafield tag="650" ind1=" " ind2="0">
<subfield code="a">Akkadian language.</subfield>
</datafield>
<datafield tag="700" ind1="1" ind2=" ">
<subfield code="a">Kleber, Kristin.</subfield>
</datafield>
<datafield tag="700" ind1="1" ind2=" ">
<subfield code="a">Neumann, Georg,</subfield>
<subfield code="d">1983-</subfield>
<subfield code="e">editor.</subfield>
</datafield>
<datafield tag="700" ind1="1" ind2=" ">
<subfield code="a">Paulus, Susanne,</subfield>
<subfield code="d">1982-</subfield>
<subfield code="e">editor.</subfield>
</datafield>
<datafield tag="700" ind1="1" ind2=" ">
<subfield code="a">Neumann, Hans</subfield>
<subfield code="c">(Assyriologist),</subfield>
<subfield code="e">honoree.</subfield>
</datafield>
<datafield tag="700" ind1="1" ind2=" ">
<subfield code="a">Kleber, Kristin,</subfield>
<subfield code="e">editor,</subfield>
<subfield code="e">author.</subfield>
</datafield>
<datafield tag="830" ind1=" " ind2="0">
<subfield code="a">Dubsar ;</subfield>
<subfield code="v">Bd. 5.</subfield>
</datafield>
<datafield tag="OWN" ind1=" " ind2=" ">
<subfield code="a">GENERAL</subfield>
</datafield>
<datafield tag="AVA" ind1=" " ind2=" ">
<subfield code="a">NYU50</subfield>
<subfield code="b">NISAW</subfield>
<subfield code="c">Small Collection</subfield>
<subfield code="d">DS56 .G745 2018</subfield>
<subfield code="e">unavailable</subfield>
<subfield code="t">Unavailable</subfield>
<subfield code="f">1</subfield>
<subfield code="g">1</subfield>
<subfield code="h">N</subfield>
<subfield code="i">0</subfield>
<subfield code="j">SMALL</subfield>
<subfield code="k">0</subfield>
</datafield>
</record>