<record xmlns="http://www.loc.gov/MARC21/slim" xmlns:xsi="http://www.w3.org/2001/XMLSchema-instance" xsi:schemaLocation="http://www.loc.gov/MARC21/slim http://www.loc.gov/standards/marcxml/schema/MARC21slim.xsd">
<leader>     nam a22003250  45M</leader>
<controlfield tag="FMT">BK</controlfield>
<controlfield tag="LDR">     nam a22003250  45M</controlfield>
<controlfield tag="001">002648123</controlfield>
<controlfield tag="003">NNU</controlfield>
<controlfield tag="005">19940713181853.0</controlfield>
<controlfield tag="008">830901s1979    caua     b    000 0 eng</controlfield>
<datafield tag="010" ind1=" " ind2=" ">
<subfield code="a">82150712</subfield>
</datafield>
<datafield tag="020" ind1=" " ind2=" ">
<subfield code="a">089003043X (pbk.)</subfield>
</datafield>
<datafield tag="035" ind1="9" ind2=" ">
<subfield code="a">NYUb10334803</subfield>
</datafield>
<datafield tag="035" ind1=" " ind2=" ">
<subfield code="a">GLIS003348033</subfield>
</datafield>
<datafield tag="035" ind1=" " ind2=" ">
<subfield code="a">(CStRLIN)NYUG83-B22046</subfield>
</datafield>
<datafield tag="043" ind1=" " ind2=" ">
<subfield code="a">aw-----</subfield>
</datafield>
<datafield tag="050" ind1="0" ind2=" ">
<subfield code="a">DS56</subfield>
<subfield code="b">.M85 1979</subfield>
</datafield>
<datafield tag="079" ind1=" " ind2=" ">
<subfield code="a">(OCoLC)7059785</subfield>
</datafield>
<datafield tag="082" ind1="0" ind2=" ">
<subfield code="a">702/.8/74</subfield>
<subfield code="2">19</subfield>
</datafield>
<datafield tag="090" ind1=" " ind2=" ">
<subfield code="a">DS56</subfield>
<subfield code="b">.M85 1979</subfield>
<subfield code="i">09/01/83 CT</subfield>
</datafield>
<datafield tag="100" ind1="1" ind2=" ">
<subfield code="a">Muscarella, Oscar White.</subfield>
</datafield>
<datafield tag="245" ind1="1" ind2="0">
<subfield code="a">Unexcavated objects and ancient Near Eastern art :</subfield>
<subfield code="b">addenda /</subfield>
<subfield code="c">by Oscar White Muscarella.</subfield>
</datafield>
<datafield tag="260" ind1=" " ind2=" ">
<subfield code="a">Malibu :</subfield>
<subfield code="b">Undena Publications,</subfield>
<subfield code="c">1979.</subfield>
</datafield>
<datafield tag="300" ind1=" " ind2=" ">
<subfield code="a">19 p. :</subfield>
<subfield code="b">ill. ;</subfield>
<subfield code="c">28 cm.</subfield>
</datafield>
<datafield tag="490" ind1="1" ind2=" ">
<subfield code="a">Monographic journals of the Near East. Occasional papers on the Near East ;</subfield>
<subfield code="v">v. 1, issue 1 (Oct. 1979)</subfield>
</datafield>
<datafield tag="500" ind1=" " ind2=" ">
<subfield code="a">Cover title.</subfield>
</datafield>
<datafield tag="500" ind1=" " ind2=" ">
<subfield code="a">Addenda to the author's article published in: Mountains and lowlands / edited by Louis D. Levine and T. Cuyler Young, Jr. 1977.</subfield>
</datafield>
<datafield tag="504" ind1=" " ind2=" ">
<subfield code="a">Includes bibliographical references.</subfield>
</datafield>
<datafield tag="650" ind1=" " ind2="0">
<subfield code="a">Forgery of antiquities.</subfield>
</datafield>
<datafield tag="650" ind1=" " ind2="0">
<subfield code="a">Art</subfield>
<subfield code="x">Forgeries</subfield>
<subfield code="z">Middle East.</subfield>
</datafield>
<datafield tag="651" ind1=" " ind2="0">
<subfield code="a">Middle East</subfield>
<subfield code="x">Antiquities.</subfield>
</datafield>
<datafield tag="830" ind1=" " ind2="0">
<subfield code="a">Monographic journals of the Near East.</subfield>
<subfield code="p">Occasional papers on the Near East ;</subfield>
<subfield code="v">v. 1, issue 1.</subfield>
</datafield>
<datafield tag="OWN" ind1=" " ind2=" ">
<subfield code="a">GENERAL</subfield>
</datafield>
<datafield tag="950" ind1=" " ind2=" ">
<subfield code="l">FStack</subfield>
<subfield code="a">DS56</subfield>
<subfield code="b">.M85 1979</subfield>
<subfield code="i">09/01/83 C</subfield>
</datafield>
<datafield tag="AVA" ind1=" " ind2=" ">
<subfield code="a">NYU50</subfield>
<subfield code="b">NIFA</subfield>
<subfield code="c">Main Collection</subfield>
<subfield code="d">DS56 .M85 1979 Non-circulating</subfield>
<subfield code="e">unavailable</subfield>
<subfield code="t">Unavailable</subfield>
<subfield code="f">1</subfield>
<subfield code="g">1</subfield>
<subfield code="h">N</subfield>
<subfield code="i">0</subfield>
<subfield code="j">MAIN</subfield>
<subfield code="k">0</subfield>
</datafield>
<datafield tag="AVA" ind1=" " ind2=" ">
<subfield code="a">NYU50</subfield>
<subfield code="b">NISAW</subfield>
<subfield code="c">Large Collection</subfield>
<subfield code="d">DS56 .M85 1979</subfield>
<subfield code="e">available</subfield>
<subfield code="t">Available</subfield>
<subfield code="f">1</subfield>
<subfield code="g">0</subfield>
<subfield code="h">N</subfield>
<subfield code="i">0</subfield>
<subfield code="j">LARGE</subfield>
<subfield code="k">0</subfield>
</datafield>
</record>