<record xmlns="http://www.loc.gov/MARC21/slim" xmlns:xsi="http://www.w3.org/2001/XMLSchema-instance" xsi:schemaLocation="http://www.loc.gov/MARC21/slim http://www.loc.gov/standards/marcxml/schema/MARC21slim.xsd">
<leader>00000nas a22      i 4500</leader>
<controlfield tag="FMT">SE</controlfield>
<controlfield tag="LDR">00000nas a22      i 4500</controlfield>
<controlfield tag="001">005689339</controlfield>
<controlfield tag="005">20180530130510.0</controlfield>
<controlfield tag="008">170905c20169999enkfr p       0   f0eng d</controlfield>
<datafield tag="022" ind1="0" ind2=" ">
<subfield code="a">2513-8529</subfield>
<subfield code="z">2514-1732</subfield>
</datafield>
<datafield tag="040" ind1=" " ind2=" ">
<subfield code="a">NNU</subfield>
<subfield code="b">eng</subfield>
<subfield code="e">rda</subfield>
<subfield code="c">NNU</subfield>
</datafield>
<datafield tag="041" ind1="0" ind2=" ">
<subfield code="a">eng</subfield>
<subfield code="a">ara</subfield>
</datafield>
<datafield tag="043" ind1=" " ind2=" ">
<subfield code="a">aw-----</subfield>
</datafield>
<datafield tag="050" ind1=" " ind2="4">
<subfield code="a">DS56</subfield>
<subfield code="b">.S45</subfield>
</datafield>
<datafield tag="245" ind1="1" ind2="4">
<subfield code="6">880-01</subfield>
<subfield code="a">Ash-sharq =</subfield>
<subfield code="b">Ash-sharq : bulletin of the ancient near east : archaeological, historical and societal studies.</subfield>
</datafield>
<datafield tag="246" ind1="3" ind2="0">
<subfield code="a">Bulletin of the ancient near east</subfield>
</datafield>
<datafield tag="264" ind1=" " ind2="1">
<subfield code="a">Oxford, [England] :</subfield>
<subfield code="b">Archaeopress Publishing Ltd.,</subfield>
<subfield code="c">2017-</subfield>
</datafield>
<datafield tag="300" ind1=" " ind2=" ">
<subfield code="a">volumes :</subfield>
<subfield code="b">illustrations ;</subfield>
<subfield code="c">25 cm</subfield>
</datafield>
<datafield tag="310" ind1=" " ind2=" ">
<subfield code="a">Semiannual</subfield>
</datafield>
<datafield tag="336" ind1=" " ind2=" ">
<subfield code="a">text</subfield>
<subfield code="b">txt</subfield>
<subfield code="2">rdacontent</subfield>
</datafield>
<datafield tag="337" ind1=" " ind2=" ">
<subfield code="a">unmediated</subfield>
<subfield code="b">n</subfield>
<subfield code="2">rdamedia</subfield>
</datafield>
<datafield tag="338" ind1=" " ind2=" ">
<subfield code="a">volume</subfield>
<subfield code="b">nc</subfield>
<subfield code="2">rdacarrier</subfield>
</datafield>
<datafield tag="362" ind1="1" ind2=" ">
<subfield code="a">Began with: Vol 1 No 1 (April 2017).</subfield>
</datafield>
<datafield tag="500" ind1=" " ind2=" ">
<subfield code="a">"Archaeopress journals"-- vol. 1, no. 1, title page.</subfield>
</datafield>
<datafield tag="530" ind1=" " ind2=" ">
<subfield code="a">Also issued online.</subfield>
</datafield>
<datafield tag="546" ind1=" " ind2=" ">
<subfield code="a">Articles in English or Arabic.</subfield>
</datafield>
<datafield tag="588" ind1="0" ind2=" ">
<subfield code="a">Description based on: vol. 1, no. 1 (April 2017); title from title page.</subfield>
</datafield>
<datafield tag="588" ind1="1" ind2=" ">
<subfield code="a">Latest issue consulted: vol. 1, no. 1 (April 2017)</subfield>
</datafield>
<datafield tag="650" ind1=" " ind2="0">
<subfield code="a">Excavations (Archaeology)</subfield>
<subfield code="z">Middle East</subfield>
<subfield code="v">Periodicals.</subfield>
</datafield>
<datafield tag="651" ind1=" " ind2="0">
<subfield code="a">Middle East</subfield>
<subfield code="x">History</subfield>
<subfield code="y">To 622</subfield>
<subfield code="v">Periodicals.</subfield>
</datafield>
<datafield tag="651" ind1=" " ind2="0">
<subfield code="a">Middle East</subfield>
<subfield code="x">Antiquities</subfield>
<subfield code="v">Periodicals.</subfield>
</datafield>
<datafield tag="710" ind1="2" ind2=" ">
<subfield code="a">Archaeopress,</subfield>
<subfield code="e">publisher.</subfield>
</datafield>
<datafield tag="740" ind1="0" ind2=" ">
<subfield code="a">Ash-sharq</subfield>
</datafield>
<datafield tag="880" ind1="1" ind2="2">
<subfield code="6">245-01/</subfield>
<subfield code="a">&#1575;&#1604;&#1588;&#1585;&#1602; :</subfield>
<subfield code="b">Ash-sharq : bulletin of the ancient near east : archaeological, historical and societal studies.</subfield>
</datafield>
<datafield tag="OWN" ind1=" " ind2=" ">
<subfield code="a">GENERAL</subfield>
</datafield>
<datafield tag="AVA" ind1=" " ind2=" ">
<subfield code="a">NYU50</subfield>
<subfield code="b">NISAW</subfield>
<subfield code="c">Oak Collection</subfield>
<subfield code="d">DS56 .S45 Non-circulating</subfield>
<subfield code="e">available</subfield>
<subfield code="t">Available</subfield>
<subfield code="f">3</subfield>
<subfield code="g">0</subfield>
<subfield code="h">Y</subfield>
<subfield code="i">0</subfield>
<subfield code="j">OAK</subfield>
<subfield code="k">0</subfield>
</datafield>
</record>