<record xmlns="http://www.loc.gov/MARC21/slim" xmlns:xsi="http://www.w3.org/2001/XMLSchema-instance" xsi:schemaLocation="http://www.loc.gov/MARC21/slim http://www.loc.gov/standards/marcxml/schema/MARC21slim.xsd">
<leader>00000cam a22     Ia 4500</leader>
<controlfield tag="FMT">BK</controlfield>
<controlfield tag="LDR">00000cam a22     Ia 4500</controlfield>
<controlfield tag="001">006220767</controlfield>
<controlfield tag="005">20180703132706.0</controlfield>
<controlfield tag="008">180703s1991    be b     b    000 0 fre d</controlfield>
<datafield tag="020" ind1=" " ind2=" ">
<subfield code="a">250350065X</subfield>
</datafield>
<datafield tag="020" ind1=" " ind2=" ">
<subfield code="a">9782503500652</subfield>
</datafield>
<datafield tag="035" ind1=" " ind2=" ">
<subfield code="a">(OCoLC)28626650</subfield>
</datafield>
<datafield tag="040" ind1=" " ind2=" ">
<subfield code="a">IUL</subfield>
<subfield code="b">eng</subfield>
<subfield code="c">IUL</subfield>
<subfield code="d">NLGGC</subfield>
<subfield code="d">ZWZ</subfield>
<subfield code="d">OCLCQ</subfield>
<subfield code="d">OCLCO</subfield>
<subfield code="d">OCLCF</subfield>
<subfield code="d">OCLCQ</subfield>
<subfield code="d">OCLCO</subfield>
<subfield code="d">ZYU</subfield>
</datafield>
<datafield tag="043" ind1=" " ind2=" ">
<subfield code="a">aw-----</subfield>
</datafield>
<datafield tag="050" ind1=" " ind2="4">
<subfield code="a">DS61.8</subfield>
<subfield code="b">.E42 1991</subfield>
</datafield>
<datafield tag="084" ind1=" " ind2=" ">
<subfield code="a">15.51</subfield>
<subfield code="2">bcl</subfield>
</datafield>
<datafield tag="100" ind1="1" ind2=" ">
<subfield code="a">Elayi, Josette.</subfield>
</datafield>
<datafield tag="245" ind1="1" ind2="0">
<subfield code="a">Nouveaux regards sur la Transeuphrat&#232;ne /</subfield>
<subfield code="c">Josette &#201;layi, Jean Sapin.</subfield>
</datafield>
<datafield tag="260" ind1=" " ind2=" ">
<subfield code="a">[Belgique?] :</subfield>
<subfield code="b">Brepols,</subfield>
<subfield code="c">&#169;1991.</subfield>
</datafield>
<datafield tag="300" ind1=" " ind2=" ">
<subfield code="a">222 pages :</subfield>
<subfield code="b">maps ;</subfield>
<subfield code="c">19 cm.</subfield>
</datafield>
<datafield tag="336" ind1=" " ind2=" ">
<subfield code="a">text</subfield>
<subfield code="b">txt</subfield>
<subfield code="2">rdacontent</subfield>
</datafield>
<datafield tag="337" ind1=" " ind2=" ">
<subfield code="a">unmediated</subfield>
<subfield code="b">n</subfield>
<subfield code="2">rdamedia</subfield>
</datafield>
<datafield tag="338" ind1=" " ind2=" ">
<subfield code="a">volume</subfield>
<subfield code="b">nc</subfield>
<subfield code="2">rdacarrier</subfield>
</datafield>
<datafield tag="490" ind1="1" ind2=" ">
<subfield code="a">Memoires premi&#232;res</subfield>
</datafield>
<datafield tag="504" ind1=" " ind2=" ">
<subfield code="a">Includes bibliographical references (pages 201-222).</subfield>
</datafield>
<datafield tag="500" ind1=" " ind2=" ">
<subfield code="a">ISAW copy is from the library of Nina Garso&#239;an.</subfield>
<subfield code="5">NyNyUAW</subfield>
</datafield>
<datafield tag="651" ind1=" " ind2="0">
<subfield code="a">Middle East</subfield>
<subfield code="x">Study and teaching.</subfield>
</datafield>
<datafield tag="651" ind1=" " ind2="0">
<subfield code="a">Middle East</subfield>
<subfield code="x">History</subfield>
<subfield code="y">To 622</subfield>
<subfield code="v">Sources.</subfield>
</datafield>
<datafield tag="651" ind1=" " ind2="0">
<subfield code="a">Middle East</subfield>
<subfield code="x">Civilization</subfield>
<subfield code="y">To 622</subfield>
<subfield code="v">Sources.</subfield>
</datafield>
<datafield tag="650" ind1=" " ind2="7">
<subfield code="a">Civilization.</subfield>
<subfield code="2">fast</subfield>
<subfield code="0">(OCoLC)fst00862898</subfield>
</datafield>
<datafield tag="650" ind1=" " ind2="7">
<subfield code="a">Study skills.</subfield>
<subfield code="2">fast</subfield>
<subfield code="0">(OCoLC)fst01136216</subfield>
</datafield>
<datafield tag="651" ind1=" " ind2="7">
<subfield code="a">Middle East.</subfield>
<subfield code="2">fast</subfield>
<subfield code="0">(OCoLC)fst01241586</subfield>
</datafield>
<datafield tag="650" ind1="1" ind2="7">
<subfield code="a">Klassieke oudheid.</subfield>
<subfield code="2">gtt</subfield>
</datafield>
<datafield tag="650" ind1=" " ind2="7">
<subfield code="a">Arch&#233;ologie</subfield>
<subfield code="x">Recherche</subfield>
<subfield code="z">Proche-Orient.</subfield>
<subfield code="2">ram</subfield>
</datafield>
<datafield tag="650" ind1=" " ind2="7">
<subfield code="a">Antiquit&#233;s ach&#233;m&#233;nides.</subfield>
<subfield code="2">ram</subfield>
</datafield>
<datafield tag="651" ind1=" " ind2="7">
<subfield code="a">Iran</subfield>
<subfield code="y">550-330 av. J.-C. (Ach&#233;m&#233;nides)</subfield>
<subfield code="2">ram</subfield>
</datafield>
<datafield tag="651" ind1=" " ind2="7">
<subfield code="a">Proche-Orient</subfield>
<subfield code="x">Antiquit&#233;s.</subfield>
<subfield code="2">ram</subfield>
</datafield>
<datafield tag="651" ind1=" " ind2="7">
<subfield code="a">Moyen-Orient</subfield>
<subfield code="y">Jusqu'&#224; 622.</subfield>
<subfield code="2">ram</subfield>
</datafield>
<datafield tag="651" ind1=" " ind2="7">
<subfield code="a">Moyen-Orient</subfield>
<subfield code="x">Civilisation</subfield>
<subfield code="y">Jusqu'&#224; 622.</subfield>
<subfield code="2">ram</subfield>
</datafield>
<datafield tag="651" ind1=" " ind2="7">
<subfield code="a">Moyen-Orient</subfield>
<subfield code="x">&#201;tude et enseignement.</subfield>
<subfield code="2">ram</subfield>
</datafield>
<datafield tag="648" ind1=" " ind2="7">
<subfield code="a">To 622.</subfield>
<subfield code="2">fast</subfield>
</datafield>
<datafield tag="655" ind1=" " ind2="7">
<subfield code="a">History.</subfield>
<subfield code="2">fast</subfield>
<subfield code="0">(OCoLC)fst01411628</subfield>
</datafield>
<datafield tag="655" ind1=" " ind2="7">
<subfield code="a">Sources.</subfield>
<subfield code="2">fast</subfield>
<subfield code="0">(OCoLC)fst01423900</subfield>
</datafield>
<datafield tag="700" ind1="1" ind2=" ">
<subfield code="a">Sapin, Jean.</subfield>
</datafield>
<datafield tag="700" ind1="1" ind2=" ">
<subfield code="a">Garso&#239;an, Nina G.,</subfield>
<subfield code="d">1923-</subfield>
<subfield code="e">former owner.</subfield>
<subfield code="5">NyNyUAW</subfield>
</datafield>
<datafield tag="740" ind1="0" ind2=" ">
<subfield code="a">Garso&#239;an Collection.</subfield>
<subfield code="5">NyNyUAW</subfield>
</datafield>
<datafield tag="830" ind1=" " ind2="0">
<subfield code="a">M&#233;moires premi&#232;res.</subfield>
</datafield>
<datafield tag="OWN" ind1=" " ind2=" ">
<subfield code="a">GENERAL</subfield>
</datafield>
<datafield tag="AVA" ind1=" " ind2=" ">
<subfield code="a">NYU50</subfield>
<subfield code="b">NISAW</subfield>
<subfield code="c">Small Collection</subfield>
<subfield code="d">DS61.8 .E42 1991 Non-circulating</subfield>
<subfield code="e">unavailable</subfield>
<subfield code="t">Unavailable</subfield>
<subfield code="f">1</subfield>
<subfield code="g">1</subfield>
<subfield code="h">N</subfield>
<subfield code="i">0</subfield>
<subfield code="j">SMALL</subfield>
<subfield code="k">0</subfield>
</datafield>
</record>