<record xmlns="http://www.loc.gov/MARC21/slim" xmlns:xsi="http://www.w3.org/2001/XMLSchema-instance" xsi:schemaLocation="http://www.loc.gov/MARC21/slim http://www.loc.gov/standards/marcxml/schema/MARC21slim.xsd">
<leader>00000cas a22002895a 4500</leader>
<controlfield tag="FMT">SE</controlfield>
<controlfield tag="LDR">00000cas a22002895a 4500</controlfield>
<controlfield tag="001">004193945</controlfield>
<controlfield tag="003">OCoLC</controlfield>
<controlfield tag="005">20151008120635.0</controlfield>
<controlfield tag="008">151008c19749999xx  x         0    0eng d</controlfield>
<datafield tag="035" ind1=" " ind2=" ">
<subfield code="a">(OCoLC)638845114</subfield>
</datafield>
<datafield tag="040" ind1=" " ind2=" ">
<subfield code="a">IL4J6</subfield>
<subfield code="b">eng</subfield>
<subfield code="c">IL4J6</subfield>
<subfield code="d">OCLCQ</subfield>
<subfield code="d">OCLCO</subfield>
</datafield>
<datafield tag="041" ind1="0" ind2=" ">
<subfield code="a">eng</subfield>
<subfield code="a">fre</subfield>
<subfield code="a">ger</subfield>
</datafield>
<datafield tag="043" ind1=" " ind2=" ">
<subfield code="a">a-iq---</subfield>
</datafield>
<datafield tag="050" ind1=" " ind2="4">
<subfield code="a">DS67.4</subfield>
<subfield code="b">.A85</subfield>
</datafield>
<datafield tag="245" ind1="0" ind2="0">
<subfield code="a">Monographic journals of the near East. Assur /</subfield>
<subfield code="c">editors, Karlheinz Deller, Paul Garelli, Edith Porada, Claudio Saporetti.</subfield>
</datafield>
<datafield tag="246" ind1="1" ind2="3">
<subfield code="a">Assur</subfield>
</datafield>
<datafield tag="260" ind1=" " ind2=" ">
<subfield code="a">Malibu :</subfield>
<subfield code="b">Undena Publications,</subfield>
<subfield code="c">c1974-</subfield>
</datafield>
<datafield tag="300" ind1=" " ind2=" ">
<subfield code="a">v. :</subfield>
<subfield code="b">ill.</subfield>
</datafield>
<datafield tag="310" ind1=" " ind2=" ">
<subfield code="a">Irregular</subfield>
</datafield>
<datafield tag="362" ind1="0" ind2=" ">
<subfield code="a">Vol. 1, issue 1 (1974)-</subfield>
</datafield>
<datafield tag="500" ind1=" " ind2=" ">
<subfield code="a">Issued in monograph form, each issue with its own title and author.</subfield>
</datafield>
<datafield tag="500" ind1=" " ind2=" ">
<subfield code="a">For list of monographs search title: Monographic journals of the near East. Assur.</subfield>
</datafield>
<datafield tag="546" ind1=" " ind2=" ">
<subfield code="a">English, French, and German; texts in Akkadian.</subfield>
</datafield>
<datafield tag="500" ind1=" " ind2=" ">
<subfield code="a">ISAW copy is from the library of Robert D. Biggs.</subfield>
<subfield code="5">NyNyUAW</subfield>
</datafield>
<datafield tag="500" ind1=" " ind2=" ">
<subfield code="a">ISAW copy is from the library of Hayim and Miriam Tadmor.</subfield>
<subfield code="5">NyNyUAW</subfield>
</datafield>
<datafield tag="650" ind1=" " ind2="0">
<subfield code="a">Cuneiform inscriptions, Akkadian</subfield>
<subfield code="v">Periodicals.</subfield>
</datafield>
<datafield tag="651" ind1=" " ind2="0">
<subfield code="a">Assyria</subfield>
<subfield code="x">History</subfield>
<subfield code="v">Periodicals.</subfield>
</datafield>
<datafield tag="650" ind1=" " ind2="0">
<subfield code="a">Akkadian language</subfield>
<subfield code="v">Periodicals.</subfield>
</datafield>
<datafield tag="700" ind1="1" ind2=" ">
<subfield code="a">Deller, Karlheinz.</subfield>
</datafield>
<datafield tag="700" ind1="1" ind2=" ">
<subfield code="a">Garelli, Paul.</subfield>
</datafield>
<datafield tag="700" ind1="1" ind2=" ">
<subfield code="a">Porada, Edith,</subfield>
<subfield code="d">1912-1994.</subfield>
</datafield>
<datafield tag="700" ind1="1" ind2=" ">
<subfield code="a">Saporetti, Claudio.</subfield>
</datafield>
<datafield tag="700" ind1="1" ind2=" ">
<subfield code="a">Tadmor, Miriam,</subfield>
<subfield code="e">former owner.</subfield>
<subfield code="5">NyNyUAW</subfield>
</datafield>
<datafield tag="700" ind1="1" ind2=" ">
<subfield code="a">Tadmor, Hayim,</subfield>
<subfield code="e">former owner.</subfield>
<subfield code="5">NyNyUAW</subfield>
</datafield>
<datafield tag="740" ind1="0" ind2=" ">
<subfield code="a">Tadmor Collection.</subfield>
<subfield code="5">NyNyUAW</subfield>
</datafield>
<datafield tag="740" ind1="0" ind2=" ">
<subfield code="a">Biggs Collection.</subfield>
<subfield code="5">NyNyUAW</subfield>
</datafield>
<datafield tag="700" ind1="1" ind2=" ">
<subfield code="a">Biggs, Robert D.,</subfield>
<subfield code="e">former owner.</subfield>
<subfield code="5">NyNyUAW</subfield>
</datafield>
<datafield tag="994" ind1=" " ind2=" ">
<subfield code="a">Z0</subfield>
<subfield code="b">ZYU</subfield>
</datafield>
<datafield tag="OWN" ind1=" " ind2=" ">
<subfield code="a">GENERAL</subfield>
</datafield>
<datafield tag="AVA" ind1=" " ind2=" ">
<subfield code="a">NYU50</subfield>
<subfield code="b">NISAW</subfield>
<subfield code="c">Oak Collection</subfield>
<subfield code="d">DS67.4 .A85 Non-circulating</subfield>
<subfield code="e">available</subfield>
<subfield code="t">Available</subfield>
<subfield code="f">20</subfield>
<subfield code="g">0</subfield>
<subfield code="h">Y</subfield>
<subfield code="i">0</subfield>
<subfield code="j">OAK</subfield>
<subfield code="k">0</subfield>
</datafield>
</record>