<record xmlns="http://www.loc.gov/MARC21/slim" xmlns:xsi="http://www.w3.org/2001/XMLSchema-instance" xsi:schemaLocation="http://www.loc.gov/MARC21/slim http://www.loc.gov/standards/marcxml/schema/MARC21slim.xsd">
<leader>00000cas a2200253 a 4500</leader>
<controlfield tag="FMT">SE</controlfield>
<controlfield tag="LDR">00000cas a2200253 a 4500</controlfield>
<controlfield tag="001">001793560</controlfield>
<controlfield tag="003">NNU</controlfield>
<controlfield tag="005">20131007111150.0</controlfield>
<controlfield tag="008">830610c19779999be bx|p       0   b0fre d</controlfield>
<datafield tag="022" ind1=" " ind2=" ">
<subfield code="a">1378-5087</subfield>
<subfield code="l">1378-5087</subfield>
</datafield>
<datafield tag="035" ind1=" " ind2=" ">
<subfield code="a">(CStRLIN)NYUG83-S308</subfield>
</datafield>
<datafield tag="035" ind1=" " ind2=" ">
<subfield code="a">GLIS007249634</subfield>
</datafield>
<datafield tag="035" ind1="9" ind2=" ">
<subfield code="a">NYUb10724963</subfield>
</datafield>
<datafield tag="040" ind1=" " ind2=" ">
<subfield code="a">MH-AH</subfield>
<subfield code="c">MBTI</subfield>
<subfield code="d">CtY</subfield>
<subfield code="d">HUL</subfield>
<subfield code="d">NNC</subfield>
<subfield code="d">NNU</subfield>
</datafield>
<datafield tag="041" ind1="0" ind2=" ">
<subfield code="a">fre</subfield>
<subfield code="a">dut</subfield>
<subfield code="a">eng</subfield>
<subfield code="a">ger</subfield>
</datafield>
<datafield tag="050" ind1=" " ind2="4">
<subfield code="a">DS67</subfield>
<subfield code="b">.A55</subfield>
</datafield>
<datafield tag="079" ind1=" " ind2=" ">
<subfield code="a">(OCoLC)3295049</subfield>
</datafield>
<datafield tag="245" ind1="0" ind2="0">
<subfield code="a">Akkadica.</subfield>
</datafield>
<datafield tag="260" ind1=" " ind2=" ">
<subfield code="a">Bruxelles :</subfield>
<subfield code="b">Fondation assyriologique Georges Dossin</subfield>
</datafield>
<datafield tag="300" ind1=" " ind2=" ">
<subfield code="a">v. :</subfield>
<subfield code="b">ill. ;</subfield>
<subfield code="c">30 cm.</subfield>
</datafield>
<datafield tag="310" ind1=" " ind2=" ">
<subfield code="a">Semiannual,</subfield>
<subfield code="b">2001-</subfield>
</datafield>
<datafield tag="321" ind1=" " ind2=" ">
<subfield code="a">Bimonthly,</subfield>
<subfield code="b">1977-</subfield>
</datafield>
<datafield tag="362" ind1="1" ind2=" ">
<subfield code="a">Began with 1 (jan.-f&#233;vr. 1977).</subfield>
</datafield>
<datafield tag="588" ind1=" " ind2=" ">
<subfield code="a">Latest issue consulted: 133, fasc. 2 (2012).</subfield>
</datafield>
<datafield tag="500" ind1=" " ind2=" ">
<subfield code="a">Caption title.</subfield>
</datafield>
<datafield tag="546" ind1=" " ind2=" ">
<subfield code="a">French, Flemish, German, Italian, or English.</subfield>
</datafield>
<datafield tag="515" ind1=" " ind2=" ">
<subfield code="a">Nos. 59-60, 64-65, 74-75, 84-85, 94-95, 99-100,104-105, 109-110, 114-115, 119-120 issued together in one volume.</subfield>
</datafield>
<datafield tag="590" ind1=" " ind2=" ">
<subfield code="a">Institute of Fine Arts has index for volumes 1-25 bound with volumes 1-5.</subfield>
</datafield>
<datafield tag="500" ind1=" " ind2=" ">
<subfield code="a">ISAW copy is from the library of Paul &#197;str&#246;m.</subfield>
<subfield code="5">NyNyUAW</subfield>
</datafield>
<datafield tag="650" ind1=" " ind2="0">
<subfield code="a">Assyriology</subfield>
<subfield code="v">Periodicals.</subfield>
</datafield>
<datafield tag="650" ind1="1" ind2="7">
<subfield code="a">Assyriologie.</subfield>
<subfield code="2">gtt</subfield>
</datafield>
<datafield tag="710" ind1="2" ind2=" ">
<subfield code="a">Fondation assyriologique Georges Dossin.</subfield>
</datafield>
<datafield tag="700" ind1="1" ind2=" ">
<subfield code="a">&#197;str&#246;m, Paul,</subfield>
<subfield code="e">former owner.</subfield>
<subfield code="5">NyNyUAW</subfield>
</datafield>
<datafield tag="740" ind1="0" ind2=" ">
<subfield code="a">&#197;str&#246;m Collection.</subfield>
<subfield code="5">NyNyUAW</subfield>
</datafield>
<datafield tag="994" ind1=" " ind2=" ">
<subfield code="a">Z0</subfield>
<subfield code="b">ZYU</subfield>
</datafield>
<datafield tag="OWN" ind1=" " ind2=" ">
<subfield code="a">GENERAL</subfield>
</datafield>
<datafield tag="966" ind1=" " ind2=" ">
<subfield code="l">IFA</subfield>
<subfield code="d">Periodicals</subfield>
<subfield code="e">9910</subfield>
<subfield code="j">1-</subfield>
<subfield code="k">1977-</subfield>
</datafield>
<datafield tag="966" ind1="4" ind2="1">
<subfield code="l">ISAW Oversize Collection</subfield>
<subfield code="d">DS67 .A55</subfield>
<subfield code="e">1011</subfield>
<subfield code="j">1-</subfield>
<subfield code="k">1977-</subfield>
</datafield>
<datafield tag="H66" ind1=" " ind2=" ">
<subfield code="l">ISAW Oversize Collection</subfield>
<subfield code="d">DS67 .A55</subfield>
<subfield code="q">NISAWOVERZ=ZZ</subfield>
<subfield code="e">1011</subfield>
<subfield code="j">1-</subfield>
<subfield code="k">1977-</subfield>
</datafield>
<datafield tag="AVA" ind1=" " ind2=" ">
<subfield code="a">NYU50</subfield>
<subfield code="b">NIFA</subfield>
<subfield code="c">Periodicals</subfield>
<subfield code="d">Non-circulating</subfield>
<subfield code="e">check_holdings</subfield>
<subfield code="t">Check Holdings</subfield>
<subfield code="h">Y</subfield>
<subfield code="j">PERIO</subfield>
</datafield>
<datafield tag="AVA" ind1=" " ind2=" ">
<subfield code="a">NYU50</subfield>
<subfield code="b">NISAW</subfield>
<subfield code="c">Oversize Collection</subfield>
<subfield code="d">DS67 .A55 Non-circulating</subfield>
<subfield code="e">available</subfield>
<subfield code="t">Available</subfield>
<subfield code="f">39</subfield>
<subfield code="g">0</subfield>
<subfield code="h">Y</subfield>
<subfield code="i">0</subfield>
<subfield code="j">OVERZ</subfield>
<subfield code="k">0</subfield>
</datafield>
</record>