<record xmlns="http://www.loc.gov/MARC21/slim" xmlns:xsi="http://www.w3.org/2001/XMLSchema-instance" xsi:schemaLocation="http://www.loc.gov/MARC21/slim http://www.loc.gov/standards/marcxml/schema/MARC21slim.xsd">
<leader>00000cas a2200637 a 4500</leader>
<controlfield tag="FMT">SE</controlfield>
<controlfield tag="LDR">00000cas a2200637 a 4500</controlfield>
<controlfield tag="001">002869798</controlfield>
<controlfield tag="003">OCoLC</controlfield>
<controlfield tag="005">20160914135209.0</controlfield>
<controlfield tag="008">760930c19669999it ar         0   b0ita c</controlfield>
<datafield tag="010" ind1=" " ind2=" ">
<subfield code="a">sn 91026389</subfield>
</datafield>
<datafield tag="022" ind1=" " ind2=" ">
<subfield code="a">0391-4135</subfield>
<subfield code="y">0076-6615</subfield>
</datafield>
<datafield tag="035" ind1=" " ind2=" ">
<subfield code="a">(OCoLC)2474894</subfield>
</datafield>
<datafield tag="040" ind1=" " ind2=" ">
<subfield code="a">YUS</subfield>
<subfield code="b">eng</subfield>
<subfield code="c">YUS</subfield>
<subfield code="d">BTI</subfield>
<subfield code="d">MUL</subfield>
<subfield code="d">IUL</subfield>
<subfield code="d">HUL</subfield>
<subfield code="d">IUL</subfield>
<subfield code="d">SYS</subfield>
<subfield code="d">NLGGC</subfield>
<subfield code="d">OCLCQ</subfield>
<subfield code="d">OCLCF</subfield>
<subfield code="d">NNU</subfield>
</datafield>
<datafield tag="042" ind1=" " ind2=" ">
<subfield code="a">pcc</subfield>
</datafield>
<datafield tag="043" ind1=" " ind2=" ">
<subfield code="a">aw-----</subfield>
<subfield code="a">a-iq---</subfield>
</datafield>
<datafield tag="050" ind1=" " ind2="4">
<subfield code="a">DS69.5</subfield>
<subfield code="b">.M46</subfield>
</datafield>
<datafield tag="079" ind1=" " ind2=" ">
<subfield code="a">(OCoLC)2474894</subfield>
</datafield>
<datafield tag="130" ind1="0" ind2=" ">
<subfield code="a">Mesopotamia (Turin, Italy)</subfield>
</datafield>
<datafield tag="222" ind1=" " ind2="0">
<subfield code="a">Mesopotamia</subfield>
</datafield>
<datafield tag="245" ind1="1" ind2="0">
<subfield code="a">Mesopotamia /</subfield>
<subfield code="c">Universit&#224; di Torino, Facolt&#224; di lettere e filosofia.</subfield>
</datafield>
<datafield tag="260" ind1=" " ind2=" ">
<subfield code="a">Torino :</subfield>
<subfield code="b">Giappichelli,</subfield>
<subfield code="c">1966-</subfield>
</datafield>
<datafield tag="300" ind1=" " ind2=" ">
<subfield code="a">v. :</subfield>
<subfield code="b">ill. ;</subfield>
<subfield code="c">29 cm.</subfield>
</datafield>
<datafield tag="310" ind1=" " ind2=" ">
<subfield code="a">Annual</subfield>
</datafield>
<datafield tag="362" ind1="1" ind2=" ">
<subfield code="a">Began with: 1 (1966)-</subfield>
</datafield>
<datafield tag="550" ind1=" " ind2=" ">
<subfield code="a">"A cura del Centro ricerche archeologiche e scavi di Torino per il Medio Oriente e l'Asia."</subfield>
</datafield>
<datafield tag="555" ind1=" " ind2=" ">
<subfield code="a">Vols. 1 (1966)-25 (1990). 1 v.</subfield>
</datafield>
<datafield tag="500" ind1=" " ind2=" ">
<subfield code="a">Title from title page.</subfield>
</datafield>
<datafield tag="500" ind1=" " ind2=" ">
<subfield code="a">Latest issue consulted: 48 (2013).</subfield>
</datafield>
<datafield tag="651" ind1=" " ind2="0">
<subfield code="a">Iraq</subfield>
<subfield code="x">Antiquities</subfield>
<subfield code="v">Periodicals.</subfield>
</datafield>
<datafield tag="650" ind1="1" ind2="7">
<subfield code="a">Archeologie.</subfield>
<subfield code="2">gtt</subfield>
</datafield>
<datafield tag="650" ind1="1" ind2="7">
<subfield code="a">Epigrafie.</subfield>
<subfield code="2">gtt</subfield>
</datafield>
<datafield tag="650" ind1=" " ind2="7">
<subfield code="a">Antiquities.</subfield>
<subfield code="2">fast</subfield>
<subfield code="0">(OCoLC)fst00810745</subfield>
</datafield>
<datafield tag="651" ind1=" " ind2="7">
<subfield code="a">Iraq.</subfield>
<subfield code="2">fast</subfield>
<subfield code="0">(OCoLC)fst01205757</subfield>
</datafield>
<datafield tag="655" ind1=" " ind2="7">
<subfield code="a">Periodicals.</subfield>
<subfield code="2">fast</subfield>
<subfield code="0">(OCoLC)fst01411641</subfield>
</datafield>
<datafield tag="710" ind1="2" ind2=" ">
<subfield code="a">Universit&#224; di Torino.</subfield>
<subfield code="b">Facolt&#224; di lettere e filosofia.</subfield>
</datafield>
<datafield tag="710" ind1="2" ind2=" ">
<subfield code="a">Centro ricerche archeologiche e scavi di Torino per il Medio Oriente e l'Asia (Italy)</subfield>
</datafield>
<datafield tag="776" ind1="0" ind2="8">
<subfield code="i">Online version:</subfield>
<subfield code="t">Mesopotamia (Turin, Italy)</subfield>
<subfield code="w">(OCoLC)557687248</subfield>
</datafield>
<datafield tag="776" ind1="0" ind2="8">
<subfield code="i">Online version:</subfield>
<subfield code="t">Mesopotamia (Turin, Italy)</subfield>
<subfield code="w">(OCoLC)603731890</subfield>
</datafield>
<datafield tag="OWN" ind1=" " ind2=" ">
<subfield code="a">GENERAL</subfield>
</datafield>
<datafield tag="903" ind1=" " ind2=" ">
<subfield code="a">OLD</subfield>
</datafield>
<datafield tag="950" ind1=" " ind2=" ">
<subfield code="l">IFAPE</subfield>
<subfield code="a">DS67</subfield>
<subfield code="b">.M3</subfield>
</datafield>
<datafield tag="955" ind1=" " ind2=" ">
<subfield code="l">IFAPE</subfield>
<subfield code="u">recon2</subfield>
<subfield code="i">01/13/88 C</subfield>
</datafield>
<datafield tag="998" ind1=" " ind2=" ">
<subfield code="a">01/13/88</subfield>
<subfield code="t">c</subfield>
<subfield code="s">9121</subfield>
<subfield code="n">NNU</subfield>
<subfield code="w">CJPA85S448</subfield>
<subfield code="d">01/13/88</subfield>
<subfield code="c">NG</subfield>
<subfield code="b">MJD</subfield>
<subfield code="i">880113</subfield>
<subfield code="l">NYUG</subfield>
</datafield>
<datafield tag="AVA" ind1=" " ind2=" ">
<subfield code="a">NYU50</subfield>
<subfield code="b">NIFA</subfield>
<subfield code="c">Periodicals</subfield>
<subfield code="d">Non-circulating</subfield>
<subfield code="e">check_holdings</subfield>
<subfield code="t">Check Holdings</subfield>
<subfield code="h">Y</subfield>
<subfield code="j">PERIO</subfield>
</datafield>
<datafield tag="AVA" ind1=" " ind2=" ">
<subfield code="a">NYU50</subfield>
<subfield code="b">NISAW</subfield>
<subfield code="c">Large Collection</subfield>
<subfield code="d">DS69.5 .M46 Non-circulating</subfield>
<subfield code="e">check_holdings</subfield>
<subfield code="t">Check Holdings</subfield>
<subfield code="h">Y</subfield>
<subfield code="j">LARGE</subfield>
<subfield code="k">0</subfield>
</datafield>
</record>