<record xmlns="http://www.loc.gov/MARC21/slim" xmlns:xsi="http://www.w3.org/2001/XMLSchema-instance" xsi:schemaLocation="http://www.loc.gov/MARC21/slim http://www.loc.gov/standards/marcxml/schema/MARC21slim.xsd">
<leader>00000cam a22     Ii 4500</leader>
<controlfield tag="FMT">BK</controlfield>
<controlfield tag="LDR">00000cam a22     Ii 4500</controlfield>
<controlfield tag="001">006251753</controlfield>
<controlfield tag="005">20180720160109.0</controlfield>
<controlfield tag="008">180718m19781980sz ab    b    001 0 fre d</controlfield>
<datafield tag="020" ind1=" " ind2=" ">
<subfield code="a">2826306952</subfield>
<subfield code="q">(v. 1)</subfield>
</datafield>
<datafield tag="020" ind1=" " ind2=" ">
<subfield code="a">9782826306955</subfield>
<subfield code="q">(v. 1)</subfield>
</datafield>
<datafield tag="020" ind1=" " ind2=" ">
<subfield code="a">2826307193</subfield>
<subfield code="q">(v. 2)</subfield>
</datafield>
<datafield tag="020" ind1=" " ind2=" ">
<subfield code="a">9782826307198</subfield>
<subfield code="q">(v. 2)</subfield>
</datafield>
<datafield tag="035" ind1=" " ind2=" ">
<subfield code="a">(OCoLC)6073219</subfield>
<subfield code="z">(OCoLC)959298438</subfield>
</datafield>
<datafield tag="040" ind1=" " ind2=" ">
<subfield code="a">MDB</subfield>
<subfield code="b">eng</subfield>
<subfield code="c">MDB</subfield>
<subfield code="d">OCLCQ</subfield>
<subfield code="d">OCLCG</subfield>
<subfield code="d">ZWZ</subfield>
<subfield code="d">OCLCQ</subfield>
<subfield code="d">OCLCA</subfield>
<subfield code="d">OCLCF</subfield>
<subfield code="d">OCLCQ</subfield>
<subfield code="d">OCLCO</subfield>
<subfield code="d">OCLCQ</subfield>
</datafield>
<datafield tag="043" ind1=" " ind2=" ">
<subfield code="a">a-sy---</subfield>
<subfield code="a">a-is---</subfield>
<subfield code="a">a-le---</subfield>
</datafield>
<datafield tag="050" ind1=" " ind2="4">
<subfield code="a">DS94.5</subfield>
<subfield code="b">.S79 1978</subfield>
</datafield>
<datafield tag="082" ind1="0" ind2="4">
<subfield code="a">933</subfield>
</datafield>
<datafield tag="245" ind1="0" ind2="0">
<subfield code="a">Syrie-Palestine.</subfield>
</datafield>
<datafield tag="260" ind1=" " ind2=" ">
<subfield code="a">Geneva :</subfield>
<subfield code="b">Nagel,</subfield>
<subfield code="c">&#169;1978-1980.</subfield>
</datafield>
<datafield tag="300" ind1=" " ind2=" ">
<subfield code="a">2 volumes :</subfield>
<subfield code="b">illustrations (some color), maps ;</subfield>
<subfield code="c">24 cm.</subfield>
</datafield>
<datafield tag="336" ind1=" " ind2=" ">
<subfield code="a">text</subfield>
<subfield code="b">txt</subfield>
<subfield code="2">rdacontent</subfield>
</datafield>
<datafield tag="337" ind1=" " ind2=" ">
<subfield code="a">unmediated</subfield>
<subfield code="b">n</subfield>
<subfield code="2">rdamedia</subfield>
</datafield>
<datafield tag="338" ind1=" " ind2=" ">
<subfield code="a">volume</subfield>
<subfield code="b">nc</subfield>
<subfield code="2">rdacarrier</subfield>
</datafield>
<datafield tag="490" ind1="1" ind2=" ">
<subfield code="a">Archaeologia mundi</subfield>
</datafield>
<datafield tag="500" ind1=" " ind2=" ">
<subfield code="a">Maps on endpages.</subfield>
</datafield>
<datafield tag="504" ind1=" " ind2=" ">
<subfield code="a">Includes bibliographical references and indexes.</subfield>
</datafield>
<datafield tag="505" ind1="0" ind2="0">
<subfield code="g">1.</subfield>
<subfield code="t">Des origines &#224; l'&#226;ge du bronze /</subfield>
<subfield code="r">Perrot, J. --</subfield>
<subfield code="g">2.</subfield>
<subfield code="t">De l'&#226;ge du bronze moyen a la fin du monde classique (2200 av. J.-C.-324 apr. J.-C.) /</subfield>
<subfield code="r">Kempinski, A., and Avi-Yonah, M.</subfield>
</datafield>
<datafield tag="500" ind1=" " ind2=" ">
<subfield code="a">ISAW copy (t. 1) is from the library of Nina Garso&#239;an.</subfield>
<subfield code="5">NyNyUAW</subfield>
</datafield>
<datafield tag="651" ind1=" " ind2="0">
<subfield code="a">Syria</subfield>
<subfield code="x">Antiquities.</subfield>
</datafield>
<datafield tag="651" ind1=" " ind2="0">
<subfield code="a">Palestine</subfield>
<subfield code="x">Antiquities.</subfield>
</datafield>
<datafield tag="651" ind1=" " ind2="0">
<subfield code="a">Lebanon</subfield>
<subfield code="x">Antiquities.</subfield>
</datafield>
<datafield tag="651" ind1=" " ind2="7">
<subfield code="a">Syria.</subfield>
<subfield code="2">pleiades</subfield>
<subfield code="0">https://pleiades.stoa.org/places/1306</subfield>
<subfield code="5">NyNyUAW</subfield>
</datafield>
<datafield tag="651" ind1=" " ind2="7">
<subfield code="a">Palaestina.</subfield>
<subfield code="2">pleiades</subfield>
<subfield code="0">https://pleiades.stoa.org/places/687995</subfield>
<subfield code="5">NyNyUAW</subfield>
</datafield>
<datafield tag="650" ind1=" " ind2="7">
<subfield code="a">Antiquities.</subfield>
<subfield code="2">fast</subfield>
<subfield code="0">(OCoLC)fst00810745</subfield>
</datafield>
<datafield tag="651" ind1=" " ind2="7">
<subfield code="a">Lebanon.</subfield>
<subfield code="2">fast</subfield>
<subfield code="0">(OCoLC)fst01206063</subfield>
</datafield>
<datafield tag="651" ind1=" " ind2="7">
<subfield code="a">Middle East</subfield>
<subfield code="z">Palestine.</subfield>
<subfield code="2">fast</subfield>
<subfield code="0">(OCoLC)fst01207534</subfield>
</datafield>
<datafield tag="651" ind1=" " ind2="7">
<subfield code="a">Syria.</subfield>
<subfield code="2">fast</subfield>
<subfield code="0">(OCoLC)fst01208757</subfield>
</datafield>
<datafield tag="651" ind1=" " ind2="7">
<subfield code="a">Syrie</subfield>
<subfield code="x">Antiquite&#769;s.</subfield>
<subfield code="2">ram</subfield>
</datafield>
<datafield tag="651" ind1=" " ind2="7">
<subfield code="a">Syrie</subfield>
<subfield code="x">Protohistoire.</subfield>
<subfield code="2">ram</subfield>
</datafield>
<datafield tag="651" ind1=" " ind2="7">
<subfield code="a">Palestine</subfield>
<subfield code="x">Antiquite&#769;s.</subfield>
<subfield code="2">ram</subfield>
</datafield>
<datafield tag="651" ind1=" " ind2="7">
<subfield code="a">Palestine</subfield>
<subfield code="x">Protohistoire.</subfield>
<subfield code="2">ram</subfield>
</datafield>
<datafield tag="651" ind1=" " ind2="7">
<subfield code="a">Liban</subfield>
<subfield code="x">Antiquite&#769;s.</subfield>
<subfield code="2">ram</subfield>
</datafield>
<datafield tag="651" ind1=" " ind2="7">
<subfield code="a">Liban</subfield>
<subfield code="x">Protohistoire.</subfield>
<subfield code="2">ram</subfield>
</datafield>
<datafield tag="700" ind1="1" ind2=" ">
<subfield code="a">Perrot, Jean,</subfield>
<subfield code="d">1925-2011.</subfield>
</datafield>
<datafield tag="700" ind1="1" ind2=" ">
<subfield code="a">Kempinski, Aharon.</subfield>
</datafield>
<datafield tag="700" ind1="1" ind2=" ">
<subfield code="a">Avi-Yonah, Michael,</subfield>
<subfield code="d">1904-1974.</subfield>
</datafield>
<datafield tag="700" ind1="1" ind2=" ">
<subfield code="a">Garso&#239;an, Nina G.,</subfield>
<subfield code="d">1923-</subfield>
<subfield code="e">former owner.</subfield>
<subfield code="5">NyNyUAW</subfield>
</datafield>
<datafield tag="740" ind1="0" ind2=" ">
<subfield code="a">Garso&#239;an Collection.</subfield>
<subfield code="5">NyNyUAW</subfield>
</datafield>
<datafield tag="776" ind1="0" ind2="8">
<subfield code="i">Online version:</subfield>
<subfield code="t">Syrie-Palestine.</subfield>
<subfield code="d">Geneva : Nagel, &#169;1978-1980</subfield>
<subfield code="w">(OCoLC)559256321</subfield>
</datafield>
<datafield tag="830" ind1=" " ind2="0">
<subfield code="a">Archaeologia mundi.</subfield>
</datafield>
<datafield tag="OWN" ind1=" " ind2=" ">
<subfield code="a">GENERAL</subfield>
</datafield>
<datafield tag="AVA" ind1=" " ind2=" ">
<subfield code="a">NYU50</subfield>
<subfield code="b">NISAW</subfield>
<subfield code="c">Small Collection</subfield>
<subfield code="d">DS94.5 .S79 1978</subfield>
<subfield code="e">available</subfield>
<subfield code="t">Available</subfield>
<subfield code="f">1</subfield>
<subfield code="g">0</subfield>
<subfield code="h">Y</subfield>
<subfield code="i">0</subfield>
<subfield code="j">SMALL</subfield>
<subfield code="k">0</subfield>
</datafield>
</record>