<record xmlns="http://www.loc.gov/MARC21/slim" xmlns:xsi="http://www.w3.org/2001/XMLSchema-instance" xsi:schemaLocation="http://www.loc.gov/MARC21/slim http://www.loc.gov/standards/marcxml/schema/MARC21slim.xsd">
<leader>00000nam a22003254a 4500</leader>
<controlfield tag="FMT">BK</controlfield>
<controlfield tag="LDR">00000nam a22003254a 4500</controlfield>
<controlfield tag="001">000032025</controlfield>
<controlfield tag="003">NNU</controlfield>
<controlfield tag="005">20180706120214.0</controlfield>
<controlfield tag="008">080317s2007    it ab    b    101 0 eng d</controlfield>
<datafield tag="020" ind1=" " ind2=" ">
<subfield code="a">8884204186</subfield>
</datafield>
<datafield tag="020" ind1=" " ind2=" ">
<subfield code="a">9788884204189</subfield>
</datafield>
<datafield tag="035" ind1=" " ind2=" ">
<subfield code="a">(OCoLC)ocn213435866</subfield>
<subfield code="z">(OCoLC)213435866</subfield>
</datafield>
<datafield tag="035" ind1="9" ind2=" ">
<subfield code="a">NYUb13610618</subfield>
</datafield>
<datafield tag="040" ind1=" " ind2=" ">
<subfield code="a">YDXCP</subfield>
<subfield code="c">YDXCP</subfield>
<subfield code="d">JHE</subfield>
<subfield code="d">NNU</subfield>
</datafield>
<datafield tag="043" ind1=" " ind2=" ">
<subfield code="a">a-sy---</subfield>
</datafield>
<datafield tag="079" ind1=" " ind2=" ">
<subfield code="a">(OCoLC)213435866</subfield>
</datafield>
<datafield tag="090" ind1=" " ind2=" ">
<subfield code="a">DS99.M5</subfield>
<subfield code="b">U78 2007</subfield>
</datafield>
<datafield tag="245" ind1="0" ind2="0">
<subfield code="a">Urban and natural landscapes of an ancient Syrian capital :</subfield>
<subfield code="b">settlement and environment at Tell Mishrifeh/Qatna and in central-western Syria : proceedings of the international conference held in Udine 9-11 December 2004 /</subfield>
<subfield code="c">edited by Daniele Morandi Bonacossi.</subfield>
</datafield>
<datafield tag="246" ind1="3" ind2="0">
<subfield code="a">Settlement and environment at Tell Mishrifeh/Qatna and in central-western Syria</subfield>
</datafield>
<datafield tag="260" ind1=" " ind2=" ">
<subfield code="a">Udine :</subfield>
<subfield code="b">Forum,</subfield>
<subfield code="c">c2007.</subfield>
</datafield>
<datafield tag="300" ind1=" " ind2=" ">
<subfield code="a">350 p. :</subfield>
<subfield code="b">ill., maps ;</subfield>
<subfield code="c">28 cm. +</subfield>
<subfield code="e">3 plates</subfield>
</datafield>
<datafield tag="490" ind1="1" ind2=" ">
<subfield code="a">Studi archeologici su Qatna ;</subfield>
<subfield code="v">1</subfield>
</datafield>
<datafield tag="490" ind1="1" ind2=" ">
<subfield code="a">Documents d'arch&#233;ologie syrienne ;</subfield>
<subfield code="v">12</subfield>
</datafield>
<datafield tag="500" ind1=" " ind2=" ">
<subfield code="a">"La serie 'Studi archeologici su Qatna' &#232; pubblicata in coedizione con la serie 'Documents d'arch&#233;ologie syrienne' (SAQ 1=DAS XII)."--P [2].</subfield>
<subfield code="5">NyNyUAW</subfield>
</datafield>
<datafield tag="500" ind1=" " ind2=" ">
<subfield code="a">Three folded, col. plates issued in pocket.</subfield>
</datafield>
<datafield tag="504" ind1=" " ind2=" ">
<subfield code="a">Includes bibliographical references and index.</subfield>
</datafield>
<datafield tag="583" ind1="1" ind2=" ">
<subfield code="a">committed to retain</subfield>
<subfield code="c">20160630</subfield>
<subfield code="d">20310630</subfield>
<subfield code="f">EAST</subfield>
<subfield code="h">Elmer Holmes Bobst Library</subfield>
<subfield code="z">This title retained by New York University Libraries on behalf of the Eastern Academic Scholars Trust (EAST)</subfield>
<subfield code="5">NNU</subfield>
</datafield>
<datafield tag="650" ind1=" " ind2="0">
<subfield code="a">Excavations (Archaeology)</subfield>
<subfield code="z">Syria</subfield>
<subfield code="z">Al Mashrafah</subfield>
<subfield code="v">Congresses.</subfield>
</datafield>
<datafield tag="650" ind1=" " ind2="0">
<subfield code="a">Excavations (Archaeology)</subfield>
<subfield code="z">Syria</subfield>
<subfield code="z">Qatna Site</subfield>
<subfield code="v">Congresses.</subfield>
</datafield>
<datafield tag="651" ind1=" " ind2="0">
<subfield code="a">Al Mashrafah (Syria)</subfield>
<subfield code="x">Antiquities</subfield>
<subfield code="v">Congresses.</subfield>
</datafield>
<datafield tag="651" ind1=" " ind2="0">
<subfield code="a">Qatna Site (Syria)</subfield>
<subfield code="x">Antiquities</subfield>
<subfield code="v">Congresses.</subfield>
</datafield>
<datafield tag="651" ind1=" " ind2="7">
<subfield code="a">Qatna.</subfield>
<subfield code="2">pleiades</subfield>
<subfield code="0">https://pleiades.stoa.org/places/412342122</subfield>
<subfield code="5">NyNyUAW</subfield>
</datafield>
<datafield tag="700" ind1="1" ind2=" ">
<subfield code="a">Morandi Bonacossi, Daniele.,</subfield>
<subfield code="e">former owner.</subfield>
<subfield code="5">NyNyUAW</subfield>
</datafield>
<datafield tag="740" ind1="0" ind2=" ">
<subfield code="a">Stager Collection.</subfield>
<subfield code="5">NyNyUAW</subfield>
</datafield>
<datafield tag="830" ind1=" " ind2="0">
<subfield code="a">Studi archeologici su Qatna ;</subfield>
<subfield code="v">1.</subfield>
</datafield>
<datafield tag="830" ind1=" " ind2="0">
<subfield code="a">Documents d'arch&#233;ologie syrienne ;</subfield>
<subfield code="v">12.</subfield>
</datafield>
<datafield tag="994" ind1=" " ind2=" ">
<subfield code="a">Z0</subfield>
<subfield code="b">ZYU</subfield>
</datafield>
<datafield tag="OWN" ind1=" " ind2=" ">
<subfield code="a">GENERAL</subfield>
</datafield>
<datafield tag="AVA" ind1=" " ind2=" ">
<subfield code="a">NYU50</subfield>
<subfield code="b">BOBST</subfield>
<subfield code="c">Main Collection</subfield>
<subfield code="d">DS99.M5 U78 2007</subfield>
<subfield code="e">available</subfield>
<subfield code="t">Available</subfield>
<subfield code="f">1</subfield>
<subfield code="g">0</subfield>
<subfield code="h">N</subfield>
<subfield code="i">5</subfield>
<subfield code="j">MAIN</subfield>
<subfield code="k">0</subfield>
</datafield>
<datafield tag="AVA" ind1=" " ind2=" ">
<subfield code="a">NYU50</subfield>
<subfield code="b">NISAW</subfield>
<subfield code="c">Large Collection</subfield>
<subfield code="d">DS99.M5 U78 2007 Non-circulating</subfield>
<subfield code="e">available</subfield>
<subfield code="t">Available</subfield>
<subfield code="f">1</subfield>
<subfield code="g">0</subfield>
<subfield code="h">N</subfield>
<subfield code="i">0</subfield>
<subfield code="j">LARGE</subfield>
<subfield code="k">0</subfield>
</datafield>
</record>