<record xmlns="http://www.loc.gov/MARC21/slim" xmlns:xsi="http://www.w3.org/2001/XMLSchema-instance" xsi:schemaLocation="http://www.loc.gov/MARC21/slim http://www.loc.gov/standards/marcxml/schema/MARC21slim.xsd">
<leader>00000cas a2200541 a 4500</leader>
<controlfield tag="FMT">SE</controlfield>
<controlfield tag="LDR">00000cas a2200541 a 4500</controlfield>
<controlfield tag="001">003745465</controlfield>
<controlfield tag="003">OCoLC</controlfield>
<controlfield tag="005">20180718114027.0</controlfield>
<controlfield tag="008">130430c19669999pl  x|        0   a0pol</controlfield>
<datafield tag="010" ind1=" " ind2=" ">
<subfield code="a">sf 86091405</subfield>
</datafield>
<datafield tag="022" ind1=" " ind2=" ">
<subfield code="a">0081-6787</subfield>
<subfield code="l">0081-6787</subfield>
</datafield>
<datafield tag="035" ind1=" " ind2=" ">
<subfield code="a">(OCoLC)4977835</subfield>
</datafield>
<datafield tag="040" ind1=" " ind2=" ">
<subfield code="a">IUL</subfield>
<subfield code="b">eng</subfield>
<subfield code="c">IUL</subfield>
<subfield code="d">DLC</subfield>
<subfield code="d">IUL</subfield>
<subfield code="d">OCLCQ</subfield>
<subfield code="d">NLGGC</subfield>
<subfield code="d">OCLCQ</subfield>
<subfield code="d">IUL</subfield>
<subfield code="d">UKMGB</subfield>
<subfield code="d">IUL</subfield>
<subfield code="d">NNU</subfield>
</datafield>
<datafield tag="041" ind1="0" ind2=" ">
<subfield code="a">pol</subfield>
<subfield code="a">eng</subfield>
<subfield code="a">fre</subfield>
<subfield code="b">fre</subfield>
</datafield>
<datafield tag="042" ind1=" " ind2=" ">
<subfield code="a">pcc</subfield>
</datafield>
<datafield tag="043" ind1=" " ind2=" ">
<subfield code="a">a-sy---</subfield>
</datafield>
<datafield tag="050" ind1=" " ind2="4">
<subfield code="a">DS99.P17</subfield>
<subfield code="b">S88</subfield>
</datafield>
<datafield tag="079" ind1=" " ind2=" ">
<subfield code="a">(OCoLC)4977835</subfield>
</datafield>
<datafield tag="245" ind1="0" ind2="0">
<subfield code="a">Studia Palmyre&#324;skie =</subfield>
<subfield code="b">&#201;tudes palmyr&#233;niennes.</subfield>
</datafield>
<datafield tag="246" ind1="3" ind2="1">
<subfield code="a">&#201;tudes palmyr&#233;niennes</subfield>
</datafield>
<datafield tag="260" ind1=" " ind2=" ">
<subfield code="a">Warszawa :</subfield>
<subfield code="b">Wydawnictwa Uniwersytetu Warszawskiego</subfield>
</datafield>
<datafield tag="300" ind1=" " ind2=" ">
<subfield code="a">v. :</subfield>
<subfield code="b">ill. ;</subfield>
<subfield code="c">24-30 cm.</subfield>
</datafield>
<datafield tag="362" ind1="1" ind2=" ">
<subfield code="a">Began with 1 (1966).</subfield>
</datafield>
<datafield tag="500" ind1=" " ind2=" ">
<subfield code="a">Issues for 1994- lack French parallel title.</subfield>
</datafield>
<datafield tag="515" ind1=" " ind2=" ">
<subfield code="a">Some issues combined; none published 1986-1993.</subfield>
</datafield>
<datafield tag="546" ind1=" " ind2=" ">
<subfield code="a">Primarily in Polish or English, with some articles in French and some summaries in French.</subfield>
</datafield>
<datafield tag="550" ind1=" " ind2=" ">
<subfield code="a">Issued by: Katedra Archeologii &#346;r&#243;dziemnomorskiej, Wydzia&#322; Historyczny, Uniwersytet Warszawski, 1966-&lt;1975&gt;; by: Instytut Archeologii, Universytet Waszawski, &lt;1985- &gt;; by Polish Center of Mediterranean Archaeology, 1994; by Polish Centre of Mediterranean Archaeology, University of Warsaw, &lt;2010- &gt;.</subfield>
</datafield>
<datafield tag="588" ind1=" " ind2=" ">
<subfield code="a">Description based on: 1 (1966); title from title page.</subfield>
</datafield>
<datafield tag="588" ind1=" " ind2=" ">
<subfield code="a">Latest issue consulted: 11 (2010).</subfield>
</datafield>
<datafield tag="651" ind1=" " ind2="0">
<subfield code="a">Tadmur (Syria)</subfield>
<subfield code="x">Antiquities</subfield>
<subfield code="v">Periodicals.</subfield>
</datafield>
<datafield tag="651" ind1=" " ind2="7">
<subfield code="a">Palmyra.</subfield>
<subfield code="2">pleiades</subfield>
<subfield code="0">https://pleiades.stoa.org/places/668331</subfield>
<subfield code="5">NyNyUAW</subfield>
</datafield>
<datafield tag="710" ind1="2" ind2=" ">
<subfield code="a">Uniwersytet Warszawski.</subfield>
<subfield code="b">Katedra Archeologii &#346;r&#243;dziemnomorskiej.</subfield>
</datafield>
<datafield tag="710" ind1="2" ind2=" ">
<subfield code="a">Uniwersytet Warszawski.</subfield>
<subfield code="b">Instytut Archeologii.</subfield>
</datafield>
<datafield tag="710" ind1="2" ind2=" ">
<subfield code="a">Uniwersytet Warszawski.</subfield>
<subfield code="b">Centrum Archeologii &#346;r&#243;dziemnomorskiej im. Kazimierza Micha&#322;owskiego.</subfield>
</datafield>
<datafield tag="776" ind1="1" ind2="8">
<subfield code="i">Online version:</subfield>
<subfield code="t">Studia Palmyre&#324;skie</subfield>
<subfield code="w">(OCoLC)615643995</subfield>
</datafield>
<datafield tag="994" ind1=" " ind2=" ">
<subfield code="a">Z0</subfield>
<subfield code="b">ZYU</subfield>
</datafield>
<datafield tag="OWN" ind1=" " ind2=" ">
<subfield code="a">GENERAL</subfield>
</datafield>
<datafield tag="966" ind1=" " ind2=" ">
<subfield code="l">ISAW</subfield>
<subfield code="d">Oak DS99.P17 S88</subfield>
<subfield code="e">1304</subfield>
<subfield code="j">11</subfield>
<subfield code="k">2010</subfield>
</datafield>
<datafield tag="936" ind1=" " ind2=" ">
<subfield code="a">PR 191715123</subfield>
</datafield>
<datafield tag="H66" ind1=" " ind2=" ">
<subfield code="l">ISAW Oak Collection</subfield>
<subfield code="d">DS99.P17 S88</subfield>
<subfield code="q">NISAWOAK=ZZ</subfield>
<subfield code="e">1304</subfield>
<subfield code="j">11</subfield>
<subfield code="k">2010</subfield>
</datafield>
<datafield tag="966" ind1="4" ind2="1">
<subfield code="l">ISAW Oak Collection</subfield>
<subfield code="d">DS99.P17 S88</subfield>
<subfield code="e">1304</subfield>
<subfield code="j">11</subfield>
<subfield code="k">2010</subfield>
</datafield>
<datafield tag="AVA" ind1=" " ind2=" ">
<subfield code="a">NYU50</subfield>
<subfield code="b">NISAW</subfield>
<subfield code="c">Oak Collection</subfield>
<subfield code="d">DS99.P17 S88 Non-circulating</subfield>
<subfield code="e">check_holdings</subfield>
<subfield code="t">Check Holdings</subfield>
<subfield code="h">Y</subfield>
<subfield code="j">OAK</subfield>
<subfield code="k">0</subfield>
</datafield>
</record>