<record xmlns="http://www.loc.gov/MARC21/slim" xmlns:xsi="http://www.w3.org/2001/XMLSchema-instance" xsi:schemaLocation="http://www.loc.gov/MARC21/slim http://www.loc.gov/standards/marcxml/schema/MARC21slim.xsd">
<leader>00000cam a22      a 4500</leader>
<controlfield tag="FMT">BK</controlfield>
<controlfield tag="LDR">00000cam a22      a 4500</controlfield>
<controlfield tag="001">006253563</controlfield>
<controlfield tag="005">20180723124537.0</controlfield>
<controlfield tag="008">180723s1993    enkab    b    001 0 eng</controlfield>
<datafield tag="010" ind1=" " ind2=" ">
<subfield code="a">   94231910</subfield>
</datafield>
<datafield tag="015" ind1=" " ind2=" ">
<subfield code="a">GB9472195</subfield>
<subfield code="2">bnb</subfield>
</datafield>
<datafield tag="020" ind1=" " ind2=" ">
<subfield code="a">0745928439</subfield>
<subfield code="q">(Lynx)</subfield>
</datafield>
<datafield tag="020" ind1=" " ind2=" ">
<subfield code="a">9780745928432</subfield>
<subfield code="q">(Lynx)</subfield>
</datafield>
<datafield tag="020" ind1=" " ind2=" ">
<subfield code="a">0732407850</subfield>
<subfield code="q">(Albatross Books)</subfield>
</datafield>
<datafield tag="020" ind1=" " ind2=" ">
<subfield code="a">9780732407858</subfield>
<subfield code="q">(Albatross Books)</subfield>
</datafield>
<datafield tag="035" ind1=" " ind2=" ">
<subfield code="a">(OCoLC)31291629</subfield>
<subfield code="z">(OCoLC)30149603</subfield>
<subfield code="z">(OCoLC)59954450</subfield>
</datafield>
<datafield tag="040" ind1=" " ind2=" ">
<subfield code="a">Uk</subfield>
<subfield code="b">eng</subfield>
<subfield code="c">DLC</subfield>
<subfield code="d">UKM</subfield>
<subfield code="d">BTCTA</subfield>
<subfield code="d">OCLCF</subfield>
<subfield code="d">OCLCO</subfield>
<subfield code="d">OCL</subfield>
<subfield code="d">OCLCO</subfield>
<subfield code="d">OCLCQ</subfield>
<subfield code="d">OCLCO</subfield>
<subfield code="d">OCLCQ</subfield>
<subfield code="d">OCLCA</subfield>
<subfield code="d">ZYU</subfield>
</datafield>
<datafield tag="042" ind1=" " ind2=" ">
<subfield code="a">lccopycat</subfield>
</datafield>
<datafield tag="043" ind1=" " ind2=" ">
<subfield code="a">a-is---</subfield>
<subfield code="a">a-jo---</subfield>
<subfield code="a">f-ua---</subfield>
</datafield>
<datafield tag="050" ind1="0" ind2="0">
<subfield code="a">DS108.5</subfield>
<subfield code="b">.C54 1993</subfield>
</datafield>
<datafield tag="082" ind1="0" ind2="4">
<subfield code="a">915.694</subfield>
<subfield code="2">20</subfield>
</datafield>
<datafield tag="100" ind1="1" ind2=" ">
<subfield code="a">Cleave, Richard.</subfield>
</datafield>
<datafield tag="245" ind1="1" ind2="4">
<subfield code="a">The Holy Land :</subfield>
<subfield code="b">a unique perspective /</subfield>
<subfield code="c">photography and satellite cartography, Richard Cleave.</subfield>
</datafield>
<datafield tag="250" ind1=" " ind2=" ">
<subfield code="a">1st ed.</subfield>
</datafield>
<datafield tag="260" ind1=" " ind2=" ">
<subfield code="a">Oxford, England :</subfield>
<subfield code="b">Lynx ;</subfield>
<subfield code="a">Sutherland, NSW :</subfield>
<subfield code="b">Albatross Books,</subfield>
<subfield code="c">1993.</subfield>
</datafield>
<datafield tag="300" ind1=" " ind2=" ">
<subfield code="a">271 pages :</subfield>
<subfield code="b">chiefly color illustrations, maps ;</subfield>
<subfield code="c">33 cm</subfield>
</datafield>
<datafield tag="336" ind1=" " ind2=" ">
<subfield code="a">text</subfield>
<subfield code="b">txt</subfield>
<subfield code="2">rdacontent</subfield>
</datafield>
<datafield tag="337" ind1=" " ind2=" ">
<subfield code="a">unmediated</subfield>
<subfield code="b">n</subfield>
<subfield code="2">rdamedia</subfield>
</datafield>
<datafield tag="338" ind1=" " ind2=" ">
<subfield code="a">volume</subfield>
<subfield code="b">nc</subfield>
<subfield code="2">rdacarrier</subfield>
</datafield>
<datafield tag="504" ind1=" " ind2=" ">
<subfield code="a">Includes bibliographical references (page 268) and index.</subfield>
</datafield>
<datafield tag="500" ind1=" " ind2=" ">
<subfield code="a">Ill. also on inside covers.</subfield>
</datafield>
<datafield tag="500" ind1=" " ind2=" ">
<subfield code="a">ISAW copy is from the library of Lawrence E. Stager.</subfield>
<subfield code="5">NyNyUAW</subfield>
</datafield>
<datafield tag="651" ind1=" " ind2="0">
<subfield code="a">Israel</subfield>
<subfield code="v">Aerial photographs.</subfield>
</datafield>
<datafield tag="651" ind1=" " ind2="0">
<subfield code="a">Jordan</subfield>
<subfield code="v">Aerial photographs.</subfield>
</datafield>
<datafield tag="651" ind1=" " ind2="0">
<subfield code="a">Sinai (Egypt)</subfield>
<subfield code="v">Aerial photographs.</subfield>
</datafield>
<datafield tag="651" ind1=" " ind2="0">
<subfield code="a">Israel</subfield>
<subfield code="v">Maps.</subfield>
</datafield>
<datafield tag="651" ind1=" " ind2="0">
<subfield code="a">Jordan</subfield>
<subfield code="v">Maps.</subfield>
</datafield>
<datafield tag="651" ind1=" " ind2="0">
<subfield code="a">Sinai (Egypt)</subfield>
<subfield code="v">Maps.</subfield>
</datafield>
<datafield tag="630" ind1="0" ind2="0">
<subfield code="a">Bible</subfield>
<subfield code="x">Geography</subfield>
<subfield code="v">Aerial photographs.</subfield>
</datafield>
<datafield tag="630" ind1="0" ind2="0">
<subfield code="a">Bible</subfield>
<subfield code="x">Geography</subfield>
<subfield code="v">Maps.</subfield>
</datafield>
<datafield tag="630" ind1="0" ind2="7">
<subfield code="a">Bible.</subfield>
<subfield code="2">fast</subfield>
<subfield code="0">(OCoLC)fst01356024</subfield>
</datafield>
<datafield tag="650" ind1=" " ind2="7">
<subfield code="a">Geography.</subfield>
<subfield code="2">fast</subfield>
<subfield code="0">(OCoLC)fst00940469</subfield>
</datafield>
<datafield tag="651" ind1=" " ind2="7">
<subfield code="a">Egypt</subfield>
<subfield code="z">Sinai.</subfield>
<subfield code="2">fast</subfield>
<subfield code="0">(OCoLC)fst01202965</subfield>
</datafield>
<datafield tag="651" ind1=" " ind2="7">
<subfield code="a">Israel.</subfield>
<subfield code="2">fast</subfield>
<subfield code="0">(OCoLC)fst01204236</subfield>
</datafield>
<datafield tag="651" ind1=" " ind2="7">
<subfield code="a">Jordan.</subfield>
<subfield code="2">fast</subfield>
<subfield code="0">(OCoLC)fst01205669</subfield>
</datafield>
<datafield tag="653" ind1="0" ind2=" ">
<subfield code="a">Physical geography</subfield>
<subfield code="a">Related to</subfield>
<subfield code="a">Religion</subfield>
</datafield>
<datafield tag="653" ind1="0" ind2=" ">
<subfield code="a">Middle East</subfield>
</datafield>
<datafield tag="655" ind1=" " ind2="7">
<subfield code="a">Remote-sensing maps</subfield>
<subfield code="2">fast</subfield>
<subfield code="0">(OCoLC)fst01423695</subfield>
</datafield>
<datafield tag="655" ind1=" " ind2="7">
<subfield code="a">Maps.</subfield>
<subfield code="2">fast</subfield>
<subfield code="0">(OCoLC)fst01423704</subfield>
</datafield>
<datafield tag="655" ind1=" " ind2="7">
<subfield code="a">Aerial photographs.</subfield>
<subfield code="2">fast</subfield>
<subfield code="0">(OCoLC)fst01423684</subfield>
</datafield>
<datafield tag="655" ind1=" " ind2="7">
<subfield code="a">Remote-sensing maps.</subfield>
<subfield code="2">lcgft</subfield>
</datafield>
<datafield tag="700" ind1="1" ind2=" ">
<subfield code="a">Stager, Lawrence E.,</subfield>
<subfield code="e">former owner.</subfield>
<subfield code="5">NyNyUAW</subfield>
</datafield>
<datafield tag="740" ind1="0" ind2=" ">
<subfield code="a">Stager Collection.</subfield>
<subfield code="5">NyNyUAW</subfield>
</datafield>
<datafield tag="OWN" ind1=" " ind2=" ">
<subfield code="a">GENERAL</subfield>
</datafield>
<datafield tag="AVA" ind1=" " ind2=" ">
<subfield code="a">NYU50</subfield>
<subfield code="b">NISAW</subfield>
<subfield code="c">Large Collection</subfield>
<subfield code="d">DS108.5 .C54 1993</subfield>
<subfield code="e">unavailable</subfield>
<subfield code="t">Unavailable</subfield>
<subfield code="f">1</subfield>
<subfield code="g">1</subfield>
<subfield code="h">N</subfield>
<subfield code="i">0</subfield>
<subfield code="j">LARGE</subfield>
<subfield code="k">0</subfield>
</datafield>
</record>