<record xmlns="http://www.loc.gov/MARC21/slim" xmlns:xsi="http://www.w3.org/2001/XMLSchema-instance" xsi:schemaLocation="http://www.loc.gov/MARC21/slim http://www.loc.gov/standards/marcxml/schema/MARC21slim.xsd">
<leader>00000nam a2200661Ii 4500</leader>
<controlfield tag="FMT">BK</controlfield>
<controlfield tag="LDR">00000nam a2200661Ii 4500</controlfield>
<controlfield tag="001">006257278</controlfield>
<controlfield tag="003">OCoLC</controlfield>
<controlfield tag="005">20180731123542.0</controlfield>
<controlfield tag="008">180731t20092009is ae    b    001 0 eng c</controlfield>
<datafield tag="035" ind1=" " ind2=" ">
<subfield code="a">(OCoLC)1046679272</subfield>
</datafield>
<datafield tag="040" ind1=" " ind2=" ">
<subfield code="a">ZYU</subfield>
<subfield code="b">eng</subfield>
<subfield code="e">rda</subfield>
<subfield code="c">ZYU</subfield>
</datafield>
<datafield tag="043" ind1=" " ind2=" ">
<subfield code="a">a-is---</subfield>
</datafield>
<datafield tag="050" ind1=" " ind2="4">
<subfield code="a">DS110.A34</subfield>
<subfield code="b">G33 2009</subfield>
</datafield>
<datafield tag="100" ind1="1" ind2=" ">
<subfield code="a">Gadot, Yuval,</subfield>
<subfield code="e">author.</subfield>
</datafield>
<datafield tag="245" ind1="1" ind2="0">
<subfield code="a">Aphek-Antipatris II :</subfield>
<subfield code="b">the remains on the Acropolis : the Moshe Kochavi and Pirhiya Beck Excavations /</subfield>
<subfield code="c">Yuval Gadot and Esther Yadin ; with contributions by Gabriella Bachi [and 21 others].</subfield>
</datafield>
<datafield tag="264" ind1=" " ind2="1">
<subfield code="a">Tel Aviv :</subfield>
<subfield code="b">Emery and Claire Yass Publications in Archaeology, Institute of Archaeology, Tel Aviv University,</subfield>
<subfield code="c">2009.</subfield>
</datafield>
<datafield tag="300" ind1=" " ind2=" ">
<subfield code="a">612</subfield>
<subfield code="b">illustrations (some color), plans ;</subfield>
<subfield code="c">28 cm.</subfield>
</datafield>
<datafield tag="336" ind1=" " ind2=" ">
<subfield code="a">text</subfield>
<subfield code="b">txt</subfield>
<subfield code="2">rdacontent</subfield>
</datafield>
<datafield tag="336" ind1=" " ind2=" ">
<subfield code="a">still image</subfield>
<subfield code="b">sti</subfield>
<subfield code="2">rdacontent</subfield>
</datafield>
<datafield tag="337" ind1=" " ind2=" ">
<subfield code="a">unmediated</subfield>
<subfield code="b">n</subfield>
<subfield code="2">rdamedia</subfield>
</datafield>
<datafield tag="338" ind1=" " ind2=" ">
<subfield code="a">volume</subfield>
<subfield code="b">nc</subfield>
<subfield code="2">rdacarrier</subfield>
</datafield>
<datafield tag="490" ind1="1" ind2=" ">
<subfield code="a">Tel Aviv University Sonia and Marco Nadler Institute of Archaeology monograph series ;</subfield>
<subfield code="v">no. 27</subfield>
</datafield>
<datafield tag="500" ind1=" " ind2=" ">
<subfield code="a">ISAW copy is from the library of Lawrence E. Stager.</subfield>
<subfield code="5">NyNyUAW</subfield>
</datafield>
<datafield tag="504" ind1=" " ind2=" ">
<subfield code="a">Includes bibliographical references and indexes.</subfield>
</datafield>
<datafield tag="505" ind1="0" ind2="0">
<subfield code="g">Introduction /</subfield>
<subfield code="r">Moshe Kochavi --</subfield>
<subfield code="g">Part 1.</subfield>
<subfield code="t">Stratigraphy and architecture.</subfield>
<subfield code="t">Middle Bronze Age (strata X19-X15) /</subfield>
<subfield code="r">Esther Yadin --</subfield>
<subfield code="t">Late Bronze Age (strata X14-X12) /</subfield>
<subfield code="r">Yuval Gadot --</subfield>
<subfield code="t">Late Bronze Age winepresses /</subfield>
<subfield code="r">Rafael Frankel, Yuval Gadot and Gabriella Bachi --</subfield>
<subfield code="t">Late Bronze Age stone-built tomb /</subfield>
<subfield code="r">Yuval Gadot --</subfield>
<subfield code="t">Iron Age (strata X11-X6) /</subfield>
<subfield code="r">Yuval Gadot.</subfield>
<subfield code="g">Part 2.</subfield>
<subfield code="t">The finds.</subfield>
<subfield code="t">Middle Bronze Age pottery /</subfield>
<subfield code="r">Esther Yadin --</subfield>
<subfield code="t">Late Bronze and Iron Age pottery /</subfield>
<subfield code="r">Yuval Gadot --</subfield>
<subfield code="t">Mycenean pottery /</subfield>
<subfield code="r">Marta Guzowska and Assaf Yasur-Landau --</subfield>
<subfield code="t">Imported Egyptian and local Egyptian-style pottery from Late Bronze and Iron Age strata /</subfield>
<subfield code="r">Mario A.S. Martin, Yuval Gadot and Yuval Goren --</subfield>
<subfield code="t">Anthropomorphic figurines /</subfield>
<subfield code="r">Marta Guzowska and Assaf Yasur-Landau --</subfield>
<subfield code="t">Figurines and small finds /</subfield>
<subfield code="r">Marta Guzowska --</subfield>
<subfield code="t">Metal objects /</subfield>
<subfield code="r">Na&#700;ama Yahalom-Mack and Sariel Shalev --</subfield>
<subfield code="t">Scarabs and other seal-amulets /</subfield>
<subfield code="r">Nir Lalkin --</subfield>
<subfield code="t">The inscriptions from the Egyptian residence : a reassessment /</subfield>
<subfield code="r">Nadav Na&#700;aman and Yuval Goren --</subfield>
<subfield code="t">A fragmentary tablet bearing an unknown script /</subfield>
<subfield code="r">Itamar Singer.</subfield>
<subfield code="g">Part 3.</subfield>
<subfield code="t">Interdisciplinary studies.</subfield>
<subfield code="t">Petrographic analyses of a fragmentary tablet and "Philistine associated" pottery objects /</subfield>
<subfield code="r">Yuval Goren, Assaf Yasur-Landau and Eyal Bozaglo --</subfield>
<subfield code="t">Chemical and petrographic analyses of Philistine bichrome vessels /</subfield>
<subfield code="r">David Ben-Shlomo --</subfield>
<subfield code="t">Archaeobotanical remains /</subfield>
<subfield code="r">Nili Liphshitz --</subfield>
<subfield code="t">Food remains /</subfield>
<subfield code="r">Mordechai Kislev and Yael Mahler-Slasky --</subfield>
<subfield code="t">Terrestrial fauna /</subfield>
<subfield code="r">Liora Kolska Horwitz --</subfield>
<subfield code="t">Shells and crabs /</subfield>
<subfield code="r">Henk K. Mienis --</subfield>
<subfield code="t">Fish remains /</subfield>
<subfield code="r">Omri Lernau --</subfield>
<subfield code="t">Radiocarbon dating /</subfield>
<subfield code="r">Elisabetta Boaretto, Ayelet Gilboa and Ilan Sharon.</subfield>
<subfield code="g">Part 4.</subfield>
<subfield code="t">Conclusions.</subfield>
<subfield code="t">The relative and absolute chronology of Late Bronze Age and Iron Age Tel Aphek /</subfield>
<subfield code="r">Yuval Gadot --</subfield>
<subfield code="t">The Aphek Acropolis in context /</subfield>
<subfield code="r">Moshe Kochavi.</subfield>
</datafield>
<datafield tag="651" ind1=" " ind2="0">
<subfield code="a">Aphek (Extinct city)</subfield>
</datafield>
<datafield tag="650" ind1=" " ind2="0">
<subfield code="a">Excavations (Archaeology)</subfield>
<subfield code="z">Israel</subfield>
<subfield code="z">Aphek (Extinct city)</subfield>
</datafield>
<datafield tag="650" ind1=" " ind2="0">
<subfield code="a">Bronze age</subfield>
<subfield code="z">Israel.</subfield>
</datafield>
<datafield tag="650" ind1=" " ind2="0">
<subfield code="a">Iron age</subfield>
<subfield code="z">Israel.</subfield>
</datafield>
<datafield tag="651" ind1=" " ind2="7">
<subfield code="a">Pegai/Antipatris/Arethousa?</subfield>
<subfield code="2">pleiades</subfield>
<subfield code="0">https://pleiades.stoa.org/places/687996</subfield>
</datafield>
<datafield tag="700" ind1="1" ind2=" ">
<subfield code="a">Yadin, Esther,</subfield>
<subfield code="e">author.</subfield>
</datafield>
<datafield tag="700" ind1="1" ind2=" ">
<subfield code="a">Bachi, Gabriella,</subfield>
<subfield code="e">contributor.</subfield>
</datafield>
<datafield tag="700" ind1="1" ind2=" ">
<subfield code="a">Kokhavi, Mosheh,</subfield>
<subfield code="d">1928-2008,</subfield>
<subfield code="e">project director,</subfield>
<subfield code="e">author of introduction.</subfield>
</datafield>
<datafield tag="700" ind1="1" ind2=" ">
<subfield code="a">Beck, Pirhiya,</subfield>
<subfield code="d">1931-</subfield>
<subfield code="e">project director.</subfield>
</datafield>
<datafield tag="700" ind1="1" ind2=" ">
<subfield code="a">Ben-Shlomo, David,</subfield>
<subfield code="e">contributor.</subfield>
</datafield>
<datafield tag="700" ind1="1" ind2=" ">
<subfield code="a">Boaretto, Elisabetta,</subfield>
<subfield code="e">contributor.</subfield>
</datafield>
<datafield tag="700" ind1="1" ind2=" ">
<subfield code="a">Bozaglo, Eyal,</subfield>
<subfield code="e">contributor.</subfield>
</datafield>
<datafield tag="700" ind1="1" ind2=" ">
<subfield code="a">Yasur-Landau, Assaf,</subfield>
<subfield code="e">contributor.</subfield>
</datafield>
<datafield tag="700" ind1="1" ind2=" ">
<subfield code="a">Fran&#7731;el, Rafi,</subfield>
<subfield code="e">contributor.</subfield>
</datafield>
<datafield tag="700" ind1="1" ind2=" ">
<subfield code="a">Le&#7807;inzon-Gilbo&#699;a, Ayelet,</subfield>
<subfield code="e">contributor.</subfield>
</datafield>
<datafield tag="700" ind1="1" ind2=" ">
<subfield code="a">Goren, Yuval,</subfield>
<subfield code="e">contributor.</subfield>
</datafield>
<datafield tag="700" ind1="1" ind2=" ">
<subfield code="a">Guzowska, Marta,</subfield>
<subfield code="e">contributor.</subfield>
</datafield>
<datafield tag="700" ind1="1" ind2=" ">
<subfield code="a">Horwitz, Liora Kolska,</subfield>
<subfield code="e">contributor.</subfield>
</datafield>
<datafield tag="700" ind1="1" ind2=" ">
<subfield code="a">Kislev, Mordechai E.,</subfield>
<subfield code="e">contributor.</subfield>
</datafield>
<datafield tag="700" ind1="1" ind2=" ">
<subfield code="a">Lalkin, Nir,</subfield>
<subfield code="e">contributor.</subfield>
</datafield>
<datafield tag="700" ind1="1" ind2=" ">
<subfield code="a">Lernau, Omri,</subfield>
<subfield code="d">1938-</subfield>
<subfield code="e">contributor.</subfield>
</datafield>
<datafield tag="700" ind1="1" ind2=" ">
<subfield code="a">Liphschitz, Nili,</subfield>
<subfield code="e">contributor.</subfield>
</datafield>
<datafield tag="700" ind1="1" ind2=" ">
<subfield code="a">Mahler-Slasky, Yael,</subfield>
<subfield code="e">contributor.</subfield>
</datafield>
<datafield tag="700" ind1="1" ind2=" ">
<subfield code="a">Martin, Mario A. S.,</subfield>
<subfield code="e">contributor.</subfield>
</datafield>
<datafield tag="700" ind1="1" ind2=" ">
<subfield code="a">Mienis, Henk K.,</subfield>
<subfield code="d">1941-</subfield>
<subfield code="e">contributor.</subfield>
</datafield>
<datafield tag="700" ind1="1" ind2=" ">
<subfield code="a">Na&#700;aman, Nadav,</subfield>
<subfield code="e">contributor.</subfield>
</datafield>
<datafield tag="700" ind1="1" ind2=" ">
<subfield code="a">Sharon, Ilan,</subfield>
<subfield code="e">contributor.</subfield>
</datafield>
<datafield tag="700" ind1="1" ind2=" ">
<subfield code="a">Shalev, Sariel,</subfield>
<subfield code="e">contributor.</subfield>
</datafield>
<datafield tag="700" ind1="1" ind2=" ">
<subfield code="a">Singer, Itamar,</subfield>
<subfield code="e">contributor.</subfield>
</datafield>
<datafield tag="700" ind1="1" ind2=" ">
<subfield code="a">Yahalom-Mack, Naama,</subfield>
<subfield code="d">1974-</subfield>
<subfield code="e">contributor.</subfield>
</datafield>
<datafield tag="700" ind1="1" ind2=" ">
<subfield code="a">Stager, Lawrence E.,</subfield>
<subfield code="e">former owner.</subfield>
<subfield code="5">NyNyUAW</subfield>
</datafield>
<datafield tag="710" ind1="2" ind2=" ">
<subfield code="a">Shelby White and Leon Levy Program for Archaeological Publications (Firm),</subfield>
<subfield code="e">sponsor.</subfield>
</datafield>
<datafield tag="740" ind1="0" ind2=" ">
<subfield code="a">Stager Collection.</subfield>
<subfield code="5">NyNyUAW</subfield>
</datafield>
<datafield tag="740" ind1="0" ind2=" ">
<subfield code="a">White-Levy Program Collection.</subfield>
<subfield code="5">NyNyUAW</subfield>
</datafield>
<datafield tag="740" ind1="0" ind2=" ">
<subfield code="a">WLP Collection.</subfield>
<subfield code="5">NyNyUAW</subfield>
</datafield>
<datafield tag="830" ind1=" " ind2="0">
<subfield code="a">Monograph series (Makhon le-arkhe&#700;ologyah &#699;a. sh. Sonyah u-Mar&#7731;o Nadler) ;</subfield>
<subfield code="v">no. 27.</subfield>
</datafield>
<datafield tag="994" ind1=" " ind2=" ">
<subfield code="a">Z0</subfield>
<subfield code="b">ZYU</subfield>
</datafield>
<datafield tag="OWN" ind1=" " ind2=" ">
<subfield code="a">GENERAL</subfield>
</datafield>
<datafield tag="AVA" ind1=" " ind2=" ">
<subfield code="a">NYU50</subfield>
<subfield code="b">NISAW</subfield>
<subfield code="c">Large Collection</subfield>
<subfield code="d">DS110.A34 G33 2009 Non-circulating</subfield>
<subfield code="e">available</subfield>
<subfield code="t">Available</subfield>
<subfield code="f">1</subfield>
<subfield code="g">0</subfield>
<subfield code="h">N</subfield>
<subfield code="i">0</subfield>
<subfield code="j">LARGE</subfield>
<subfield code="k">0</subfield>
</datafield>
</record>