<record xmlns="http://www.loc.gov/MARC21/slim" xmlns:xsi="http://www.w3.org/2001/XMLSchema-instance" xsi:schemaLocation="http://www.loc.gov/MARC21/slim http://www.loc.gov/standards/marcxml/schema/MARC21slim.xsd">
<leader>00000cam a2200589 i 4500</leader>
<controlfield tag="FMT">BK</controlfield>
<controlfield tag="LDR">00000cam a2200589 i 4500</controlfield>
<controlfield tag="001">004204774</controlfield>
<controlfield tag="003">OCoLC</controlfield>
<controlfield tag="005">20180709121938.0</controlfield>
<controlfield tag="008">150327t20152015gw aef   b    001 0 ger d</controlfield>
<datafield tag="016" ind1="7" ind2=" ">
<subfield code="a">1051401909</subfield>
<subfield code="2">DE-101</subfield>
</datafield>
<datafield tag="020" ind1=" " ind2=" ">
<subfield code="a">9783525540251</subfield>
<subfield code="q">(hd. bd.)</subfield>
</datafield>
<datafield tag="020" ind1=" " ind2=" ">
<subfield code="a">3525540256</subfield>
<subfield code="q">(hd. bd.)</subfield>
</datafield>
<datafield tag="020" ind1=" " ind2=" ">
<subfield code="z">9783647540252</subfield>
<subfield code="q">(online)</subfield>
</datafield>
<datafield tag="024" ind1="3" ind2=" ">
<subfield code="a">9783525540251</subfield>
</datafield>
<datafield tag="035" ind1="7" ind2=" ">
<subfield code="a">ybp11106581</subfield>
</datafield>
<datafield tag="035" ind1=" " ind2=" ">
<subfield code="a">(OCoLC)905841791</subfield>
<subfield code="z">(OCoLC)882725656</subfield>
</datafield>
<datafield tag="040" ind1=" " ind2=" ">
<subfield code="a">OHX</subfield>
<subfield code="b">eng</subfield>
<subfield code="e">rda</subfield>
<subfield code="c">OHX</subfield>
<subfield code="d">OCLCO</subfield>
<subfield code="d">MZA</subfield>
<subfield code="d">YDXCP</subfield>
<subfield code="d">BTCTA</subfield>
<subfield code="d">OCLCF</subfield>
<subfield code="d">JPG</subfield>
<subfield code="d">COO</subfield>
<subfield code="d">OCLCA</subfield>
<subfield code="d">ZCU</subfield>
<subfield code="d">OCLCQ</subfield>
<subfield code="d">OCLCO</subfield>
<subfield code="d">NNU</subfield>
</datafield>
<datafield tag="043" ind1=" " ind2=" ">
<subfield code="a">a-is---</subfield>
<subfield code="a">awba---</subfield>
<subfield code="a">awgz---</subfield>
</datafield>
<datafield tag="050" ind1=" " ind2="4">
<subfield code="a">DS110.B476</subfield>
<subfield code="b">K845x 2015</subfield>
</datafield>
<datafield tag="079" ind1=" " ind2=" ">
<subfield code="a">(OCoLC)905841791</subfield>
</datafield>
<datafield tag="100" ind1="1" ind2=" ">
<subfield code="a">Kuhn, Heinz-Wolfgang,</subfield>
<subfield code="e">author.</subfield>
</datafield>
<datafield tag="245" ind1="1" ind2="0">
<subfield code="a">Betsaida/Bethsaida - Julias (et-Tell) :</subfield>
<subfield code="b">die ersten 25 Jahre der Ausgrabung (1987-2011) : gesammelte Aufs&#228;tze aus neutestamentlicher Sicht (mit Nachtr&#228;gen bis 2013) und die M&#252;nchner Gesamtpl&#228;ne = The first twenty-five years of excavation (1987-2011) : collected essays from a New Testament point of view (with postscripts until 2013) and the Munich general plans /</subfield>
<subfield code="c">Heinz-Wolfgang Kuhn.</subfield>
</datafield>
<datafield tag="246" ind1="3" ind2="1">
<subfield code="a">Bethsaida - Julias (et-Tell) :</subfield>
<subfield code="b">First twenty-five years of excavation (1987-2011) : collected essays from a New Testament point of view (with postscripts until 2013) and the Munich general plans</subfield>
</datafield>
<datafield tag="264" ind1=" " ind2="1">
<subfield code="a">G&#246;ttingen :</subfield>
<subfield code="b">Vandenhoeck &amp; Ruprecht,</subfield>
<subfield code="c">[2015]</subfield>
</datafield>
<datafield tag="264" ind1=" " ind2="4">
<subfield code="c">&#169;2015</subfield>
</datafield>
<datafield tag="300" ind1=" " ind2=" ">
<subfield code="a">310</subfield>
<subfield code="b">illustrations (chiefly color), plans ;</subfield>
<subfield code="c">33 cm.</subfield>
</datafield>
<datafield tag="336" ind1=" " ind2=" ">
<subfield code="a">text</subfield>
<subfield code="b">txt</subfield>
<subfield code="2">rdacontent</subfield>
</datafield>
<datafield tag="336" ind1=" " ind2=" ">
<subfield code="a">still image</subfield>
<subfield code="b">sti</subfield>
<subfield code="2">rdacontent</subfield>
</datafield>
<datafield tag="337" ind1=" " ind2=" ">
<subfield code="a">unmediated</subfield>
<subfield code="b">n</subfield>
<subfield code="2">rdamedia</subfield>
</datafield>
<datafield tag="338" ind1=" " ind2=" ">
<subfield code="a">volume</subfield>
<subfield code="b">nc</subfield>
<subfield code="2">rdacarrier</subfield>
</datafield>
<datafield tag="490" ind1="1" ind2=" ">
<subfield code="a">Novum testamentum et orbis antiquus. Series archaeologica ;</subfield>
<subfield code="v">4</subfield>
</datafield>
<datafield tag="490" ind1="1" ind2=" ">
<subfield code="a">V &amp; R Academic</subfield>
</datafield>
<datafield tag="500" ind1=" " ind2=" ">
<subfield code="a">The 24 folded plans are numbered 1-10a and 10b-23.</subfield>
</datafield>
<datafield tag="504" ind1=" " ind2=" ">
<subfield code="a">Includes bibliographical references (pages 285-289) and indexes.</subfield>
</datafield>
<datafield tag="651" ind1=" " ind2="0">
<subfield code="a">Bethsaida (Extinct city)</subfield>
</datafield>
<datafield tag="650" ind1=" " ind2="0">
<subfield code="a">Excavations (Archaeology)</subfield>
<subfield code="z">Golan Heights.</subfield>
</datafield>
<datafield tag="650" ind1=" " ind2="0">
<subfield code="a">Excavations (Archaeology)</subfield>
<subfield code="z">Israel</subfield>
<subfield code="z">Bethsaida (Extinct city)</subfield>
</datafield>
<datafield tag="650" ind1=" " ind2="0">
<subfield code="a">Extinct cities</subfield>
<subfield code="z">Golan Heights.</subfield>
</datafield>
<datafield tag="650" ind1=" " ind2="0">
<subfield code="a">Extinct cities</subfield>
<subfield code="z">Israel.</subfield>
</datafield>
<datafield tag="650" ind1=" " ind2="0">
<subfield code="a">Christian antiquities</subfield>
<subfield code="z">Palestine.</subfield>
</datafield>
<datafield tag="651" ind1=" " ind2="0">
<subfield code="a">Golan Heights</subfield>
<subfield code="x">Antiquities.</subfield>
</datafield>
<datafield tag="651" ind1=" " ind2="7">
<subfield code="a">Bethsaida.</subfield>
<subfield code="2">pleiades</subfield>
<subfield code="0">https://pleiades.stoa.org/places/678065</subfield>
</datafield>
<datafield tag="650" ind1=" " ind2="7">
<subfield code="a">Christian antiquities.</subfield>
<subfield code="2">fast</subfield>
<subfield code="0">(OCoLC)fst00858898</subfield>
</datafield>
<datafield tag="650" ind1=" " ind2="7">
<subfield code="a">Excavations (Archaeology)</subfield>
<subfield code="2">fast</subfield>
<subfield code="0">(OCoLC)fst00917564</subfield>
</datafield>
<datafield tag="650" ind1=" " ind2="7">
<subfield code="a">Extinct cities.</subfield>
<subfield code="2">fast</subfield>
<subfield code="0">(OCoLC)fst00918959</subfield>
</datafield>
<datafield tag="651" ind1=" " ind2="7">
<subfield code="a">Israel.</subfield>
<subfield code="2">fast</subfield>
<subfield code="0">(OCoLC)fst01204236</subfield>
</datafield>
<datafield tag="651" ind1=" " ind2="7">
<subfield code="a">Israel</subfield>
<subfield code="z">Bethsaida (Extinct city)</subfield>
<subfield code="2">fast</subfield>
<subfield code="0">(OCoLC)fst01897098</subfield>
</datafield>
<datafield tag="651" ind1=" " ind2="7">
<subfield code="a">Middle East</subfield>
<subfield code="z">Palestine.</subfield>
<subfield code="2">fast</subfield>
<subfield code="0">(OCoLC)fst01207534</subfield>
</datafield>
<datafield tag="653" ind1=" " ind2=" ">
<subfield code="a">(Produktform)Hardback</subfield>
</datafield>
<datafield tag="653" ind1=" " ind2=" ">
<subfield code="a">Arch&#228;ologie</subfield>
</datafield>
<datafield tag="653" ind1=" " ind2=" ">
<subfield code="a">Neues Testament</subfield>
</datafield>
<datafield tag="653" ind1=" " ind2=" ">
<subfield code="a">Israel</subfield>
</datafield>
<datafield tag="653" ind1=" " ind2=" ">
<subfield code="a">(VLB-WN)1541: Hardcover, Softcover / Religion/Theologie/Allgemeines, Lexika</subfield>
</datafield>
<datafield tag="655" ind1=" " ind2="7">
<subfield code="a">Aufsatzsammlung.</subfield>
<subfield code="2">gnd</subfield>
</datafield>
<datafield tag="776" ind1="0" ind2=" ">
<subfield code="z">9783647540252</subfield>
</datafield>
<datafield tag="776" ind1="0" ind2=" ">
<subfield code="w">(GyWOH)har150143757</subfield>
</datafield>
<datafield tag="830" ind1=" " ind2="0">
<subfield code="a">Novum Testamentum et orbis antiquus.</subfield>
<subfield code="p">Series Archaeologica ;</subfield>
<subfield code="v">4.</subfield>
</datafield>
<datafield tag="830" ind1=" " ind2="0">
<subfield code="a">V&amp;R academic.</subfield>
</datafield>
<datafield tag="OWN" ind1=" " ind2=" ">
<subfield code="a">GENERAL</subfield>
</datafield>
<datafield tag="AVA" ind1=" " ind2=" ">
<subfield code="a">NYU50</subfield>
<subfield code="b">BOBST</subfield>
<subfield code="c">Main Collection</subfield>
<subfield code="d">DS110.B476 K84 2015 Oversize</subfield>
<subfield code="e">unavailable</subfield>
<subfield code="t">Unavailable</subfield>
<subfield code="f">1</subfield>
<subfield code="g">1</subfield>
<subfield code="h">N</subfield>
<subfield code="i">0</subfield>
<subfield code="j">MAIN</subfield>
<subfield code="k">0</subfield>
</datafield>
<datafield tag="AVA" ind1=" " ind2=" ">
<subfield code="a">NYU50</subfield>
<subfield code="b">NISAW</subfield>
<subfield code="c">Oversize Collection</subfield>
<subfield code="d">DS110.B476 K845 2015 Non-circulating</subfield>
<subfield code="e">available</subfield>
<subfield code="t">Available</subfield>
<subfield code="f">1</subfield>
<subfield code="g">0</subfield>
<subfield code="h">N</subfield>
<subfield code="i">0</subfield>
<subfield code="j">OVERZ</subfield>
<subfield code="k">0</subfield>
</datafield>
</record>