<record xmlns="http://www.loc.gov/MARC21/slim" xmlns:xsi="http://www.w3.org/2001/XMLSchema-instance" xsi:schemaLocation="http://www.loc.gov/MARC21/slim http://www.loc.gov/standards/marcxml/schema/MARC21slim.xsd">
<leader>00000cam a22     Ia 4500</leader>
<controlfield tag="FMT">BK</controlfield>
<controlfield tag="LDR">00000cam a22     Ia 4500</controlfield>
<controlfield tag="001">006249853</controlfield>
<controlfield tag="005">20180720153415.0</controlfield>
<controlfield tag="008">180716s1985    is ae    b    000 0 eng d</controlfield>
<datafield tag="035" ind1=" " ind2=" ">
<subfield code="a">(OCoLC)21633641</subfield>
</datafield>
<datafield tag="040" ind1=" " ind2=" ">
<subfield code="a">PKT</subfield>
<subfield code="b">eng</subfield>
<subfield code="c">PKT</subfield>
<subfield code="d">OCLCQ</subfield>
<subfield code="d">NLGGC</subfield>
<subfield code="d">OCLCG</subfield>
<subfield code="d">JES</subfield>
<subfield code="d">HEBIS</subfield>
<subfield code="d">DEBBG</subfield>
<subfield code="d">Z6E</subfield>
<subfield code="d">OCLCQ</subfield>
<subfield code="d">OCLCF</subfield>
<subfield code="d">OCLCO</subfield>
<subfield code="d">OCLCQ</subfield>
<subfield code="d">OCL</subfield>
<subfield code="d">DDO</subfield>
<subfield code="d">OCLCO</subfield>
<subfield code="d">ZYU</subfield>
</datafield>
<datafield tag="043" ind1=" " ind2=" ">
<subfield code="a">a-is---</subfield>
</datafield>
<datafield tag="050" ind1=" " ind2="4">
<subfield code="a">DS110.C15</subfield>
<subfield code="b">L66 1985</subfield>
</datafield>
<datafield tag="082" ind1="0" ind2="4">
<subfield code="a">225.93 UKP</subfield>
</datafield>
<datafield tag="084" ind1=" " ind2=" ">
<subfield code="a">15.34</subfield>
<subfield code="2">bcl</subfield>
</datafield>
<datafield tag="084" ind1=" " ind2=" ">
<subfield code="a">BC 8763</subfield>
<subfield code="2">rvk</subfield>
</datafield>
<datafield tag="100" ind1="1" ind2=" ">
<subfield code="a">Loffreda, Stanislao,</subfield>
<subfield code="d">1932-</subfield>
</datafield>
<datafield tag="245" ind1="1" ind2="0">
<subfield code="a">Recovering Capharnaum /</subfield>
<subfield code="c">Stanislao Loffreda.</subfield>
</datafield>
<datafield tag="260" ind1=" " ind2=" ">
<subfield code="a">Gerusalemme :</subfield>
<subfield code="b">Edizioni Custodia Terra Santa,</subfield>
<subfield code="c">[1985]</subfield>
</datafield>
<datafield tag="300" ind1=" " ind2=" ">
<subfield code="a">87 pages :</subfield>
<subfield code="b">illustrations (some color), plans ;</subfield>
<subfield code="c">21 cm.</subfield>
</datafield>
<datafield tag="336" ind1=" " ind2=" ">
<subfield code="a">text</subfield>
<subfield code="b">txt</subfield>
<subfield code="2">rdacontent</subfield>
</datafield>
<datafield tag="337" ind1=" " ind2=" ">
<subfield code="a">unmediated</subfield>
<subfield code="b">n</subfield>
<subfield code="2">rdamedia</subfield>
</datafield>
<datafield tag="338" ind1=" " ind2=" ">
<subfield code="a">volume</subfield>
<subfield code="b">nc</subfield>
<subfield code="2">rdacarrier</subfield>
</datafield>
<datafield tag="490" ind1="1" ind2=" ">
<subfield code="a">Studium Biblicum Franciscanum, guides ;</subfield>
<subfield code="v">1</subfield>
</datafield>
<datafield tag="504" ind1=" " ind2=" ">
<subfield code="a">Includes bibliographical references (pages 84-86).</subfield>
</datafield>
<datafield tag="500" ind1=" " ind2=" ">
<subfield code="a">SAW copy is from the library of Lawrence E. Stager.</subfield>
<subfield code="5">NyNyUAW</subfield>
</datafield>
<datafield tag="651" ind1=" " ind2="0">
<subfield code="a">Capernaum (Extinct city)</subfield>
</datafield>
<datafield tag="650" ind1=" " ind2="0">
<subfield code="a">Extinct cities</subfield>
<subfield code="z">Israel.</subfield>
</datafield>
<datafield tag="651" ind1=" " ind2="7">
<subfield code="a">Kefar Nahum/Kapharnaoum.</subfield>
<subfield code="2">pleiades</subfield>
<subfield code="0">https://pleiades.stoa.org/places/678231</subfield>
</datafield>
<datafield tag="650" ind1=" " ind2="7">
<subfield code="a">Extinct cities.</subfield>
<subfield code="2">fast</subfield>
<subfield code="0">(OCoLC)fst00918959</subfield>
</datafield>
<datafield tag="651" ind1=" " ind2="7">
<subfield code="a">Israel.</subfield>
<subfield code="2">fast</subfield>
<subfield code="0">(OCoLC)fst01204236</subfield>
</datafield>
<datafield tag="651" ind1=" " ind2="7">
<subfield code="a">Israel</subfield>
<subfield code="z">Capernaum (Extinct city)</subfield>
<subfield code="2">fast</subfield>
<subfield code="0">(OCoLC)fst01897003</subfield>
</datafield>
<datafield tag="650" ind1=" " ind2="7">
<subfield code="a">Ausgrabung</subfield>
<subfield code="2">gnd</subfield>
<subfield code="0">(DE-588)4129464-6</subfield>
</datafield>
<datafield tag="651" ind1=" " ind2="7">
<subfield code="a">Kapernaum</subfield>
<subfield code="2">gnd</subfield>
<subfield code="0">(DE-588)4110004-9</subfield>
</datafield>
<datafield tag="700" ind1="1" ind2=" ">
<subfield code="a">Stager, Lawrence E.,</subfield>
<subfield code="e">former owner.</subfield>
<subfield code="5">NyNyUAW</subfield>
</datafield>
<datafield tag="740" ind1="0" ind2=" ">
<subfield code="a">Stager Collection.</subfield>
<subfield code="5">NyNyUAW</subfield>
</datafield>
<datafield tag="830" ind1=" " ind2="0">
<subfield code="a">Studium Biblicum Franciscanum, guides ;</subfield>
<subfield code="v">1.</subfield>
</datafield>
<datafield tag="OWN" ind1=" " ind2=" ">
<subfield code="a">GENERAL</subfield>
</datafield>
<datafield tag="AVA" ind1=" " ind2=" ">
<subfield code="a">NYU50</subfield>
<subfield code="b">NISAW</subfield>
<subfield code="c">Small Collection</subfield>
<subfield code="d">DS110.C15 L66 1985</subfield>
<subfield code="e">available</subfield>
<subfield code="t">Available</subfield>
<subfield code="f">1</subfield>
<subfield code="g">0</subfield>
<subfield code="h">N</subfield>
<subfield code="i">0</subfield>
<subfield code="j">SMALL</subfield>
<subfield code="k">0</subfield>
</datafield>
</record>