<record xmlns="http://www.loc.gov/MARC21/slim" xmlns:xsi="http://www.w3.org/2001/XMLSchema-instance" xsi:schemaLocation="http://www.loc.gov/MARC21/slim http://www.loc.gov/standards/marcxml/schema/MARC21slim.xsd">
<leader>00000cam a2200613 a 4500</leader>
<controlfield tag="FMT">BK</controlfield>
<controlfield tag="LDR">00000cam a2200613 a 4500</controlfield>
<controlfield tag="001">002365463</controlfield>
<controlfield tag="003">OCoLC</controlfield>
<controlfield tag="005">20180731134842.0</controlfield>
<controlfield tag="008">970909m19959999is a     b    000 0 eng d</controlfield>
<datafield tag="010" ind1=" " ind2=" ">
<subfield code="a">97192741</subfield>
</datafield>
<datafield tag="035" ind1=" " ind2=" ">
<subfield code="a">(OCoLC)35035750</subfield>
<subfield code="z">(OCoLC)912778016</subfield>
<subfield code="z">(OCoLC)992660018</subfield>
<subfield code="z">(OCoLC)1003116208</subfield>
<subfield code="z">(OCoLC)1005617864</subfield>
<subfield code="z">(OCoLC)1014161661</subfield>
</datafield>
<datafield tag="040" ind1=" " ind2=" ">
<subfield code="a">PUL</subfield>
<subfield code="b">eng</subfield>
<subfield code="c">DLC</subfield>
<subfield code="d">NLGGC</subfield>
<subfield code="d">BTCTA</subfield>
<subfield code="d">LVB</subfield>
<subfield code="d">OCLCG</subfield>
<subfield code="d">I8H</subfield>
<subfield code="d">GEBAY</subfield>
<subfield code="d">OCLCO</subfield>
<subfield code="d">OCLCF</subfield>
<subfield code="d">OCLCQ</subfield>
<subfield code="d">OCLCO</subfield>
<subfield code="d">OCL</subfield>
<subfield code="d">DHA</subfield>
<subfield code="d">J9U</subfield>
<subfield code="d">OCLCO</subfield>
<subfield code="d">OCLCA</subfield>
<subfield code="d">OCLCQ</subfield>
<subfield code="d">ZYU</subfield>
</datafield>
<datafield tag="042" ind1=" " ind2=" ">
<subfield code="a">lccopycat</subfield>
</datafield>
<datafield tag="043" ind1=" " ind2=" ">
<subfield code="a">a-is---</subfield>
</datafield>
<datafield tag="050" ind1="0" ind2="0">
<subfield code="a">DS110.D67</subfield>
<subfield code="b">E93 1995</subfield>
</datafield>
<datafield tag="079" ind1=" " ind2=" ">
<subfield code="a">(OCoLC)959314067</subfield>
</datafield>
<datafield tag="082" ind1="0" ind2="0">
<subfield code="a">939.4</subfield>
<subfield code="2">21</subfield>
</datafield>
<datafield tag="084" ind1=" " ind2=" ">
<subfield code="a">11.35</subfield>
<subfield code="2">bcl</subfield>
</datafield>
<datafield tag="245" ind1="0" ind2="0">
<subfield code="a">Excavations at Dor :</subfield>
<subfield code="b">final report /</subfield>
<subfield code="c">Ephraim Stern (director) ; John Berg [and others].</subfield>
</datafield>
<datafield tag="260" ind1=" " ind2=" ">
<subfield code="a">Jerusalem :</subfield>
<subfield code="b">The Institute of Archaeology, Hebrew University of Jerusalem, in cooperation with the Israel Exploration Society,</subfield>
<subfield code="c">1995-</subfield>
</datafield>
<datafield tag="300" ind1=" " ind2=" ">
<subfield code="a">volumes &lt;1A-1B&gt; :</subfield>
<subfield code="b">illustrations ;</subfield>
<subfield code="c">32 cm.</subfield>
</datafield>
<datafield tag="336" ind1=" " ind2=" ">
<subfield code="a">text</subfield>
<subfield code="b">txt</subfield>
<subfield code="2">rdacontent</subfield>
</datafield>
<datafield tag="337" ind1=" " ind2=" ">
<subfield code="a">unmediated</subfield>
<subfield code="b">n</subfield>
<subfield code="2">rdamedia</subfield>
</datafield>
<datafield tag="338" ind1=" " ind2=" ">
<subfield code="a">volume</subfield>
<subfield code="b">nc</subfield>
<subfield code="2">rdacarrier</subfield>
</datafield>
<datafield tag="490" ind1="1" ind2=" ">
<subfield code="a">Qedem reports,</subfield>
<subfield code="x">0793-4289 ;</subfield>
<subfield code="v">1-&lt;2&gt;</subfield>
</datafield>
<datafield tag="490" ind1="1" ind2=" ">
<subfield code="a">Publications of the Institute of Archaeology, the Hebrew University of Jerusalem</subfield>
</datafield>
<datafield tag="500" ind1=" " ind2=" ">
<subfield code="a">ISAW copy is from the library of Lawrence E. Stager.</subfield>
<subfield code="5">NyNyUAW</subfield>
</datafield>
<datafield tag="504" ind1=" " ind2=" ">
<subfield code="a">Includes bibliographical references.</subfield>
</datafield>
<datafield tag="505" ind1="0" ind2=" ">
<subfield code="a">v. 1/A. areas a and c: introduction and stratigraphy. -- V. 1/B. areas a and c: the finds.</subfield>
</datafield>
<datafield tag="651" ind1=" " ind2="0">
<subfield code="a">Dor (Extinct city)</subfield>
</datafield>
<datafield tag="650" ind1=" " ind2="0">
<subfield code="a">Excavations (Archaeology)</subfield>
<subfield code="z">Israel</subfield>
<subfield code="z">Dor (Extinct city)</subfield>
</datafield>
<datafield tag="651" ind1=" " ind2="7">
<subfield code="a">Dor(a)</subfield>
<subfield code="2">pleiades</subfield>
<subfield code="0">https://pleiades.stoa.org/places/678121</subfield>
</datafield>
<datafield tag="650" ind1=" " ind2="6">
<subfield code="a">Fouilles (Arch&#233;ologie)</subfield>
<subfield code="z">Isra&#235;l</subfield>
<subfield code="z">Dor (Ville ancienne)</subfield>
</datafield>
<datafield tag="651" ind1=" " ind2="6">
<subfield code="a">Dor (Ville ancienne)</subfield>
</datafield>
<datafield tag="651" ind1=" " ind2="6">
<subfield code="a">Isra&#235;l</subfield>
<subfield code="x">Antiquit&#233;s.</subfield>
</datafield>
<datafield tag="650" ind1=" " ind2="7">
<subfield code="a">Excavations (Archaeology)</subfield>
<subfield code="2">fast</subfield>
<subfield code="0">(OCoLC)fst00917564</subfield>
</datafield>
<datafield tag="651" ind1=" " ind2="7">
<subfield code="a">Israel.</subfield>
<subfield code="2">fast</subfield>
<subfield code="0">(OCoLC)fst01204236</subfield>
</datafield>
<datafield tag="651" ind1=" " ind2="7">
<subfield code="a">Israel</subfield>
<subfield code="z">Dor (Extinct city)</subfield>
<subfield code="2">fast</subfield>
<subfield code="0">(OCoLC)fst01897071</subfield>
</datafield>
<datafield tag="650" ind1="1" ind2="7">
<subfield code="a">Opgravingen.</subfield>
<subfield code="2">gtt</subfield>
</datafield>
<datafield tag="650" ind1=" " ind2="7">
<subfield code="a">Ausgrabung</subfield>
<subfield code="2">gnd</subfield>
</datafield>
<datafield tag="651" ind1=" " ind2="7">
<subfield code="a">Dor.</subfield>
<subfield code="2">swd</subfield>
</datafield>
<datafield tag="651" ind1=" " ind2="4">
<subfield code="a">Eretz Israel</subfield>
<subfield code="x">Antiquities.</subfield>
</datafield>
<datafield tag="700" ind1="1" ind2=" ">
<subfield code="a">Stern, Ephraim,</subfield>
<subfield code="d">1934-</subfield>
</datafield>
<datafield tag="700" ind1="1" ind2=" ">
<subfield code="a">Berg, John.</subfield>
</datafield>
<datafield tag="710" ind1="2" ind2=" ">
<subfield code="a">Universi&#7789;ah ha-&#699;Ivrit bi-Yerushalayim.</subfield>
<subfield code="b">Makhon le-arkhe&#700;ologyah.</subfield>
</datafield>
<datafield tag="710" ind1="2" ind2=" ">
<subfield code="a">&#7716;evrah la-&#7717;a&#7731;irat Erets-Yi&#347;ra&#700;el &#7807;e-&#699;ati&#7731;oteha.</subfield>
</datafield>
<datafield tag="700" ind1="1" ind2=" ">
<subfield code="a">Stager, Lawrence E.,</subfield>
<subfield code="e">former owner.</subfield>
<subfield code="5">NyNyUAW</subfield>
</datafield>
<datafield tag="740" ind1="0" ind2=" ">
<subfield code="a">Stager Collection.</subfield>
<subfield code="5">NyNyUAW</subfield>
</datafield>
<datafield tag="776" ind1="0" ind2="8">
<subfield code="i">Online version:</subfield>
<subfield code="t">Excavations at Dor.</subfield>
<subfield code="d">Jerusalem : The Institute of Archaeology, Hebrew University of Jerusalem, in cooperation with the Israel Exploration Society, 1995-</subfield>
<subfield code="w">(OCoLC)989854675</subfield>
</datafield>
<datafield tag="830" ind1=" " ind2="0">
<subfield code="a">Qedem reports ;</subfield>
<subfield code="v">1-&lt;2&gt;.</subfield>
<subfield code="x">0793-4289</subfield>
</datafield>
<datafield tag="830" ind1=" " ind2="0">
<subfield code="a">Publications of the Institute of Archaeology, the Hebrew University of Jerusalem.</subfield>
</datafield>
<datafield tag="OWN" ind1=" " ind2=" ">
<subfield code="a">GENERAL</subfield>
</datafield>
<datafield tag="AVA" ind1=" " ind2=" ">
<subfield code="a">NYU50</subfield>
<subfield code="b">BOBST</subfield>
<subfield code="c">Main Collection</subfield>
<subfield code="d">DS110.D67 S838 1995 Oversize</subfield>
<subfield code="e">available</subfield>
<subfield code="t">Available</subfield>
<subfield code="f">2</subfield>
<subfield code="g">0</subfield>
<subfield code="h">Y</subfield>
<subfield code="i">2</subfield>
<subfield code="j">MAIN</subfield>
<subfield code="k">0</subfield>
</datafield>
<datafield tag="AVA" ind1=" " ind2=" ">
<subfield code="a">NYU50</subfield>
<subfield code="b">NISAW</subfield>
<subfield code="c">Large Collection</subfield>
<subfield code="d">DS110.D67 E93 Non-circulating</subfield>
<subfield code="e">available</subfield>
<subfield code="t">Available</subfield>
<subfield code="f">2</subfield>
<subfield code="g">0</subfield>
<subfield code="h">Y</subfield>
<subfield code="i">0</subfield>
<subfield code="j">LARGE</subfield>
<subfield code="k">0</subfield>
</datafield>
</record>