<record xmlns="http://www.loc.gov/MARC21/slim" xmlns:xsi="http://www.w3.org/2001/XMLSchema-instance" xsi:schemaLocation="http://www.loc.gov/MARC21/slim http://www.loc.gov/standards/marcxml/schema/MARC21slim.xsd">
<leader>00000cam a2200685 a 4500</leader>
<controlfield tag="FMT">BK</controlfield>
<controlfield tag="LDR">00000cam a2200685 a 4500</controlfield>
<controlfield tag="001">003515038</controlfield>
<controlfield tag="003">OCoLC</controlfield>
<controlfield tag="005">20180731133508.0</controlfield>
<controlfield tag="008">110419s2011    cauab    b    001 0 eng</controlfield>
<datafield tag="010" ind1=" " ind2=" ">
<subfield code="a">2011016493</subfield>
</datafield>
<datafield tag="015" ind1=" " ind2=" ">
<subfield code="a">GBB184048</subfield>
<subfield code="2">bnb</subfield>
</datafield>
<datafield tag="016" ind1="7" ind2=" ">
<subfield code="a">015847044</subfield>
<subfield code="2">Uk</subfield>
</datafield>
<datafield tag="020" ind1=" " ind2=" ">
<subfield code="a">9781931745819</subfield>
</datafield>
<datafield tag="020" ind1=" " ind2=" ">
<subfield code="a">1931745811</subfield>
</datafield>
<datafield tag="035" ind1="7" ind2=" ">
<subfield code="a">ybp6410597</subfield>
</datafield>
<datafield tag="035" ind1=" " ind2=" ">
<subfield code="a">(OCoLC)714505203</subfield>
<subfield code="z">(OCoLC)751804678</subfield>
<subfield code="z">(OCoLC)900271893</subfield>
</datafield>
<datafield tag="040" ind1=" " ind2=" ">
<subfield code="a">DLC</subfield>
<subfield code="b">eng</subfield>
<subfield code="c">DLC</subfield>
<subfield code="d">YDX</subfield>
<subfield code="d">YDXCP</subfield>
<subfield code="d">ERASA</subfield>
<subfield code="d">BWX</subfield>
<subfield code="d">FHC</subfield>
<subfield code="d">LMR</subfield>
<subfield code="d">TOZ</subfield>
<subfield code="d">UKMGB</subfield>
<subfield code="d">DEBBG</subfield>
<subfield code="d">YUS</subfield>
<subfield code="d">ZCU</subfield>
<subfield code="d">OCLCA</subfield>
<subfield code="d">TOZ</subfield>
<subfield code="d">OCLCA</subfield>
<subfield code="d">HLS</subfield>
<subfield code="d">OCLCA</subfield>
<subfield code="d">OCLCF</subfield>
<subfield code="d">OCLCQ</subfield>
<subfield code="d">OCLCO</subfield>
<subfield code="d">CHVBK</subfield>
<subfield code="d">IG#</subfield>
<subfield code="d">OCLCQ</subfield>
<subfield code="d">BTCTA</subfield>
<subfield code="d">ZYU</subfield>
</datafield>
<datafield tag="042" ind1=" " ind2=" ">
<subfield code="a">pcc</subfield>
</datafield>
<datafield tag="043" ind1=" " ind2=" ">
<subfield code="a">a-is---</subfield>
</datafield>
<datafield tag="050" ind1="0" ind2="0">
<subfield code="a">DS110.J3</subfield>
<subfield code="b">H57 2011</subfield>
</datafield>
<datafield tag="079" ind1=" " ind2=" ">
<subfield code="a">(OCoLC)880314790</subfield>
</datafield>
<datafield tag="082" ind1="0" ind2="0">
<subfield code="a">956.94/8</subfield>
<subfield code="2">22</subfield>
</datafield>
<datafield tag="245" ind1="0" ind2="4">
<subfield code="a">The history and archaeology of Jaffa.</subfield>
<subfield code="n">1 /</subfield>
<subfield code="c">edited by Martin Peils&#246;tcker and Aaron A. Burke.</subfield>
</datafield>
<datafield tag="260" ind1=" " ind2=" ">
<subfield code="a">Los Angeles :</subfield>
<subfield code="b">Cotsen Institute of Archaeology Press, University of California Los Angeles,</subfield>
<subfield code="c">2011.</subfield>
</datafield>
<datafield tag="300" ind1=" " ind2=" ">
<subfield code="a">294 pages :</subfield>
<subfield code="b">illustrations (some color), color maps ;</subfield>
<subfield code="c">29 cm.</subfield>
</datafield>
<datafield tag="336" ind1=" " ind2=" ">
<subfield code="a">text</subfield>
<subfield code="b">txt</subfield>
<subfield code="2">rdacontent</subfield>
</datafield>
<datafield tag="337" ind1=" " ind2=" ">
<subfield code="a">unmediated</subfield>
<subfield code="b">n</subfield>
<subfield code="2">rdamedia</subfield>
</datafield>
<datafield tag="338" ind1=" " ind2=" ">
<subfield code="a">volume</subfield>
<subfield code="b">nc</subfield>
<subfield code="2">rdacarrier</subfield>
</datafield>
<datafield tag="490" ind1="1" ind2=" ">
<subfield code="a">Monumenta archaeologica ;</subfield>
<subfield code="v">26</subfield>
</datafield>
<datafield tag="490" ind1="1" ind2=" ">
<subfield code="a">The Jaffa cultural heritage project series ;</subfield>
<subfield code="v">v. 1</subfield>
</datafield>
<datafield tag="500" ind1=" " ind2=" ">
<subfield code="a">ISAW copy is from the library of Lawrence E. Stager.</subfield>
<subfield code="5">NyNyUAW</subfield>
</datafield>
<datafield tag="504" ind1=" " ind2=" ">
<subfield code="a">Includes bibliographical references and index.</subfield>
</datafield>
<datafield tag="505" ind1="0" ind2="0">
<subfield code="g">pt. I The Jaffa cultural heritage project and archaeological research in Jaffa :</subfield>
<subfield code="t">The Jaffa cultural heritage project : objectives, organization, strategies, and implementation /</subfield>
<subfield code="r">Aaron A. Burke,</subfield>
<subfield code="r">Martin Peilst&#246;cker --</subfield>
<subfield code="t">The history of archaeological research in Jaffa, 1948-2009 /</subfield>
<subfield code="r">Martin Peilst&#246;cker --</subfield>
<subfield code="g">Appendix 1 : Excavation licenses and permits issued for Jaffa between 1948 and 2009 --</subfield>
<subfield code="t">Cultural heritage management : the flea market and clock tower square excavations /</subfield>
<subfield code="r">Moshe Ajami --</subfield>
<subfield code="g">Appendix 3.1 : Law of antinquities -- Appendix 3.2 : The policy of the Israel antiquities authority for Jaffa --</subfield>
<subfield code="t">Conservation projects /</subfield>
<subfield code="r">Lilah Strul --</subfield>
<subfield code="t">Archaeology and geographic information systems analysis /</subfield>
<subfield code="r">George A. Pierce --</subfield>
<subfield code="g">pt. II Jaffa's historical and regional setting :</subfield>
<subfield code="t">Early Jaffa : from the bronze age to the Persian period /</subfield>
<subfield code="r">Aaron A. Burke --</subfield>
<subfield code="t">Jaffa in its regional context during the late bronze and iron ages /</subfield>
<subfield code="r">Wolfgang Zwickel --</subfield>
</datafield>
<datafield tag="505" ind1="0" ind2="0">
<subfield code="t">Greco-Roman Jaffa and its historical background /</subfield>
<subfield code="r">R. Steven Notley --</subfield>
<subfield code="t">Byzantine and early Islamic Jaffa /</subfield>
<subfield code="r">Debra Foran --</subfield>
<subfield code="t">Frankish Jaffa /</subfield>
<subfield code="r">Adrian J. Boas --</subfield>
<subfield code="t">Mamluk Jaffa : a note /</subfield>
<subfield code="r">Katherine Strange Burke --</subfield>
<subfield code="t">Ottoman Jaffa : from ruin to central city in Palestine /</subfield>
<subfield code="r">Ruth Kark --</subfield>
<subfield code="t">Jaffa in historical maps (1799-1948) /</subfield>
<subfield code="r">Tzvi Shaham --</subfield>
<subfield code="g">pt. III Recent archaeological research to Jaffa :</subfield>
<subfield code="t">Preliminary report for the 2007 Ganor compound excavations /</subfield>
<subfield code="r">Martin Peilst&#246;cker,</subfield>
<subfield code="r">Aaron A. Burke --</subfield>
<subfield code="t">A group of late bronze age tombs from the Ganor compound /</subfield>
<subfield code="r">Martin Peilst&#246;cker --</subfield>
<subfield code="t">The Hasmonean conquest of Jaffa : chronology and new background evidence /</subfield>
<subfield code="r">Yoav Arbel --</subfield>
<subfield code="t">Islamic and Crusader pottery from Jaffa : a collection of whole and reconstructed vessels /</subfield>
<subfield code="r">Katherine Strange Burke --</subfield>
<subfield code="t">Crusader period archaeozoological finds from the Ganor compound, flea market, and clock tower square excavations /</subfield>
<subfield code="r">Moshe Sade --</subfield>
</datafield>
<datafield tag="505" ind1="0" ind2="0">
<subfield code="t">Mamluk-period skeletal remains from the excavations on the eastern slopes of Jaffa /</subfield>
<subfield code="r">Yossi Nagar --</subfield>
<subfield code="t">Two monumental doorjambs from Ottoman Jaffa : a historical reconstruction /</subfield>
<subfield code="r">Yoav Arbel,</subfield>
<subfield code="r">Keren Edrei --</subfield>
<subfield code="g">pt. IV Studies of the Jacob Kaplan and Haya Ritter-Kaplan legacy :</subfield>
<subfield code="t">The Kaplan excavations publications initiative /</subfield>
<subfield code="r">Aaron A. Burke --</subfield>
<subfield code="t">The bibliography of Jacob Kaplan and Haya Ritter-Kaplan /</subfield>
<subfield code="r">Aaron A. Burke --</subfield>
<subfield code="t">Area B : a test case for the publication of the Kaplans' excavations in Jaffa /</subfield>
<subfield code="r">Kyle H. Keimer --</subfield>
<subfield code="t">Egyptian "flowerpots" from Kaplan's area A excavations : cultural and historical implications /</subfield>
<subfield code="r">Aaron A. Burke,</subfield>
<subfield code="r">Alice Mandell --</subfield>
<subfield code="t">The Jaffa-Jerusalem relationship during the early Roman period in light of Jewish-Judean pottery at Jaffa /</subfield>
<subfield code="r">Orit Tsuf --</subfield>
<subfield code="g">Appendix : Terminology for excavation areas and regions within Jaffa.</subfield>
</datafield>
<datafield tag="651" ind1=" " ind2="0">
<subfield code="a">Jaffa (Tel Aviv, Israel)</subfield>
<subfield code="x">History.</subfield>
</datafield>
<datafield tag="651" ind1=" " ind2="0">
<subfield code="a">Palestine</subfield>
<subfield code="x">Antiquities.</subfield>
</datafield>
<datafield tag="650" ind1=" " ind2="0">
<subfield code="a">Excavations (Archaeology)</subfield>
<subfield code="z">Palestine.</subfield>
</datafield>
<datafield tag="651" ind1=" " ind2="7">
<subfield code="a">Ioppe.</subfield>
<subfield code="2">pleiades</subfield>
<subfield code="0">https://pleiades.stoa.org/places/687931</subfield>
</datafield>
<datafield tag="650" ind1=" " ind2="7">
<subfield code="a">Antiquities.</subfield>
<subfield code="2">fast</subfield>
<subfield code="0">(OCoLC)fst00810745</subfield>
</datafield>
<datafield tag="650" ind1=" " ind2="7">
<subfield code="a">Excavations (Archaeology)</subfield>
<subfield code="2">fast</subfield>
<subfield code="0">(OCoLC)fst00917564</subfield>
</datafield>
<datafield tag="651" ind1=" " ind2="7">
<subfield code="a">Israel</subfield>
<subfield code="z">Tel Aviv</subfield>
<subfield code="z">Jaffa.</subfield>
<subfield code="2">fast</subfield>
<subfield code="0">(OCoLC)fst01714458</subfield>
</datafield>
<datafield tag="651" ind1=" " ind2="7">
<subfield code="a">Middle East</subfield>
<subfield code="z">Palestine.</subfield>
<subfield code="2">fast</subfield>
<subfield code="0">(OCoLC)fst01207534</subfield>
</datafield>
<datafield tag="650" ind1=" " ind2="7">
<subfield code="a">Ausgrabung.</subfield>
<subfield code="0">(DE-588)4129464-6</subfield>
<subfield code="2">gnd</subfield>
</datafield>
<datafield tag="650" ind1=" " ind2="7">
<subfield code="a">Funde.</subfield>
<subfield code="0">(DE-588)4071507-3</subfield>
<subfield code="2">gnd</subfield>
</datafield>
<datafield tag="651" ind1=" " ind2="7">
<subfield code="a">Jaffa.</subfield>
<subfield code="0">(DE-588)4114063-1</subfield>
<subfield code="2">gnd</subfield>
</datafield>
<datafield tag="655" ind1=" " ind2="7">
<subfield code="a">History.</subfield>
<subfield code="2">fast</subfield>
<subfield code="0">(OCoLC)fst01411628</subfield>
</datafield>
<datafield tag="700" ind1="1" ind2=" ">
<subfield code="a">Stager, Lawrence E.,</subfield>
<subfield code="e">former owner.</subfield>
<subfield code="5">NyNyUAW</subfield>
</datafield>
<datafield tag="740" ind1="0" ind2=" ">
<subfield code="a">Stager Collection.</subfield>
<subfield code="5">NyNyUAW</subfield>
</datafield>
<datafield tag="700" ind1="1" ind2=" ">
<subfield code="a">Peilst&#246;cker, Martin.</subfield>
</datafield>
<datafield tag="700" ind1="1" ind2=" ">
<subfield code="a">Burke, Aaron A.</subfield>
</datafield>
<datafield tag="830" ind1=" " ind2="0">
<subfield code="a">Monumenta archaeologica (Los Angeles, Calif.) ;</subfield>
<subfield code="v">v. 26.</subfield>
<subfield code="x">0363-7565</subfield>
</datafield>
<datafield tag="830" ind1=" " ind2="0">
<subfield code="a">Monumenta archaeologica (Los Angeles, Calif.).</subfield>
<subfield code="p">Jaffa Cultural Heritage Project series ;</subfield>
<subfield code="v">v. 1.</subfield>
</datafield>
<datafield tag="OWN" ind1=" " ind2=" ">
<subfield code="a">GENERAL</subfield>
</datafield>
<datafield tag="AVA" ind1=" " ind2=" ">
<subfield code="a">NYU50</subfield>
<subfield code="b">BOBST</subfield>
<subfield code="c">Main Collection</subfield>
<subfield code="d">DS110.J3 H57 2011</subfield>
<subfield code="e">available</subfield>
<subfield code="t">Available</subfield>
<subfield code="f">1</subfield>
<subfield code="g">0</subfield>
<subfield code="h">N</subfield>
<subfield code="i">5</subfield>
<subfield code="j">MAIN</subfield>
<subfield code="k">0</subfield>
</datafield>
<datafield tag="AVA" ind1=" " ind2=" ">
<subfield code="a">NYU50</subfield>
<subfield code="b">NISAW</subfield>
<subfield code="c">Large Collection</subfield>
<subfield code="d">DS110.J3 H57 v.1 2011 Non-circulating</subfield>
<subfield code="e">available</subfield>
<subfield code="t">Available</subfield>
<subfield code="f">1</subfield>
<subfield code="g">0</subfield>
<subfield code="h">N</subfield>
<subfield code="i">0</subfield>
<subfield code="j">LARGE</subfield>
<subfield code="k">0</subfield>
</datafield>
</record>