<record xmlns="http://www.loc.gov/MARC21/slim" xmlns:xsi="http://www.w3.org/2001/XMLSchema-instance" xsi:schemaLocation="http://www.loc.gov/MARC21/slim http://www.loc.gov/standards/marcxml/schema/MARC21slim.xsd">
<leader>00000cam a2200649 a 4500</leader>
<controlfield tag="FMT">BK</controlfield>
<controlfield tag="LDR">00000cam a2200649 a 4500</controlfield>
<controlfield tag="001">006249818</controlfield>
<controlfield tag="003">OCoLC</controlfield>
<controlfield tag="005">20180720150107.0</controlfield>
<controlfield tag="008">070125s2006    sp abf   b    000 0 eng</controlfield>
<datafield tag="010" ind1=" " ind2=" ">
<subfield code="a">2007450877</subfield>
</datafield>
<datafield tag="020" ind1=" " ind2=" ">
<subfield code="a">8472903419</subfield>
</datafield>
<datafield tag="020" ind1=" " ind2=" ">
<subfield code="a">9788472903418</subfield>
</datafield>
<datafield tag="035" ind1=" " ind2=" ">
<subfield code="a">(OCoLC)141219466</subfield>
<subfield code="z">(OCoLC)717606846</subfield>
</datafield>
<datafield tag="040" ind1=" " ind2=" ">
<subfield code="a">DLC</subfield>
<subfield code="b">eng</subfield>
<subfield code="c">DLC</subfield>
<subfield code="d">C3L</subfield>
<subfield code="d">NLGGC</subfield>
<subfield code="d">BTCTA</subfield>
<subfield code="d">OCLCG</subfield>
<subfield code="d">DEBBG</subfield>
<subfield code="d">CHRRO</subfield>
<subfield code="d">ZCU</subfield>
<subfield code="d">OCLCO</subfield>
<subfield code="d">OCLCF</subfield>
<subfield code="d">OCLCQ</subfield>
<subfield code="d">ZYU</subfield>
</datafield>
<datafield tag="043" ind1=" " ind2=" ">
<subfield code="a">a-is---</subfield>
</datafield>
<datafield tag="050" ind1="0" ind2="0">
<subfield code="a">DS110.J35</subfield>
<subfield code="b">A78 2006</subfield>
</datafield>
<datafield tag="072" ind1=" " ind2="7">
<subfield code="a">s1ar</subfield>
<subfield code="2">rero</subfield>
</datafield>
<datafield tag="082" ind1="0" ind2="0">
<subfield code="a">956.94/6</subfield>
<subfield code="2">22</subfield>
</datafield>
<datafield tag="082" ind1="0" ind2="4">
<subfield code="a">938</subfield>
<subfield code="2">21</subfield>
</datafield>
<datafield tag="084" ind1=" " ind2=" ">
<subfield code="a">15.51</subfield>
<subfield code="2">bcl</subfield>
</datafield>
<datafield tag="084" ind1=" " ind2=" ">
<subfield code="a">6,14</subfield>
<subfield code="2">ssgn</subfield>
</datafield>
<datafield tag="100" ind1="1" ind2=" ">
<subfield code="a">Artzy, Michal,</subfield>
<subfield code="d">1943-</subfield>
</datafield>
<datafield tag="245" ind1="1" ind2="4">
<subfield code="a">The Jatt metal hoard in northern Canaanite/Phoenician and Cypriote context /</subfield>
<subfield code="c">Michal Artzy.</subfield>
</datafield>
<datafield tag="260" ind1=" " ind2=" ">
<subfield code="a">Barcelona :</subfield>
<subfield code="b">Edicions Bellaterra,</subfield>
<subfield code="c">2006.</subfield>
</datafield>
<datafield tag="300" ind1=" " ind2=" ">
<subfield code="a">131</subfield>
<subfield code="b">illustrations (some color), map ;</subfield>
<subfield code="c">28 cm.</subfield>
</datafield>
<datafield tag="336" ind1=" " ind2=" ">
<subfield code="a">text</subfield>
<subfield code="b">txt</subfield>
<subfield code="2">rdacontent</subfield>
</datafield>
<datafield tag="337" ind1=" " ind2=" ">
<subfield code="a">unmediated</subfield>
<subfield code="b">n</subfield>
<subfield code="2">rdamedia</subfield>
</datafield>
<datafield tag="338" ind1=" " ind2=" ">
<subfield code="a">volume</subfield>
<subfield code="b">nc</subfield>
<subfield code="2">rdacarrier</subfield>
</datafield>
<datafield tag="490" ind1="1" ind2=" ">
<subfield code="a">Cuadernos de arqueolog&#237;a mediterr&#225;nea ;</subfield>
<subfield code="v">14</subfield>
</datafield>
<datafield tag="500" ind1=" " ind2=" ">
<subfield code="a">ISAW copy is from the library of Lawrence E. Stager.</subfield>
<subfield code="5">NyNyUAW</subfield>
</datafield>
<datafield tag="504" ind1=" " ind2=" ">
<subfield code="a">Includes bibliographical references (pages 99-114).</subfield>
</datafield>
<datafield tag="651" ind1=" " ind2="0">
<subfield code="a">Jatt (Haifa, Israel)</subfield>
<subfield code="x">Antiquities.</subfield>
</datafield>
<datafield tag="650" ind1=" " ind2="0">
<subfield code="a">Excavations (Archaeology)</subfield>
<subfield code="z">Israel</subfield>
<subfield code="z">Jatt (Haifa)</subfield>
</datafield>
<datafield tag="650" ind1=" " ind2="0">
<subfield code="a">Bronze age</subfield>
<subfield code="z">Palestine.</subfield>
</datafield>
<datafield tag="651" ind1=" " ind2="7">
<subfield code="a">Tel Jatt.</subfield>
<subfield code="2">pleiades</subfield>
<subfield code="0">https://pleiades.stoa.org/places/718809993</subfield>
</datafield>
<datafield tag="650" ind1=" " ind2="7">
<subfield code="a">Antiquities.</subfield>
<subfield code="2">fast</subfield>
<subfield code="0">(OCoLC)fst00810745</subfield>
</datafield>
<datafield tag="650" ind1=" " ind2="7">
<subfield code="a">Bronze age.</subfield>
<subfield code="2">fast</subfield>
<subfield code="0">(OCoLC)fst00839439</subfield>
</datafield>
<datafield tag="650" ind1=" " ind2="7">
<subfield code="a">Excavations (Archaeology)</subfield>
<subfield code="2">fast</subfield>
<subfield code="0">(OCoLC)fst00917564</subfield>
</datafield>
<datafield tag="651" ind1=" " ind2="7">
<subfield code="a">Israel</subfield>
<subfield code="z">Jatt (Haifa)</subfield>
<subfield code="2">fast</subfield>
<subfield code="0">(OCoLC)fst01871635</subfield>
</datafield>
<datafield tag="651" ind1=" " ind2="7">
<subfield code="a">Middle East</subfield>
<subfield code="z">Palestine.</subfield>
<subfield code="2">fast</subfield>
<subfield code="0">(OCoLC)fst01207534</subfield>
</datafield>
<datafield tag="700" ind1="1" ind2=" ">
<subfield code="a">Stager, Lawrence E.,</subfield>
<subfield code="e">former owner.</subfield>
<subfield code="5">NyNyUAW</subfield>
</datafield>
<datafield tag="740" ind1="0" ind2=" ">
<subfield code="a">Stager Collection.</subfield>
<subfield code="5">NyNyUAW</subfield>
</datafield>
<datafield tag="776" ind1="0" ind2="8">
<subfield code="i">Online version:</subfield>
<subfield code="a">Artzy, Michal, 1943-</subfield>
<subfield code="t">Jatt metal hoard in northern canaanite.</subfield>
<subfield code="d">Barcelona : Edicions Bellaterra, 2006</subfield>
<subfield code="w">(OCoLC)894800315</subfield>
</datafield>
<datafield tag="830" ind1=" " ind2="0">
<subfield code="a">Cuadernos de arqueolog&#237;a mediterr&#225;nea ;</subfield>
<subfield code="v">14.</subfield>
</datafield>
<datafield tag="856" ind1="4" ind2="2">
<subfield code="3">TOC</subfield>
<subfield code="u">http://www.ilibri.casalini.it/toc/07953957.pdf</subfield>
</datafield>
<datafield tag="OWN" ind1=" " ind2=" ">
<subfield code="a">GENERAL</subfield>
</datafield>
<datafield tag="AVA" ind1=" " ind2=" ">
<subfield code="a">NYU50</subfield>
<subfield code="b">NISAW</subfield>
<subfield code="c">Large Collection</subfield>
<subfield code="d">DS110.J35 A78 2006</subfield>
<subfield code="e">unavailable</subfield>
<subfield code="t">Unavailable</subfield>
<subfield code="f">1</subfield>
<subfield code="g">1</subfield>
<subfield code="h">N</subfield>
<subfield code="i">0</subfield>
<subfield code="j">LARGE</subfield>
<subfield code="k">0</subfield>
</datafield>
</record>