<record xmlns="http://www.loc.gov/MARC21/slim" xmlns:xsi="http://www.w3.org/2001/XMLSchema-instance" xsi:schemaLocation="http://www.loc.gov/MARC21/slim http://www.loc.gov/standards/marcxml/schema/MARC21slim.xsd">
<leader>00000cam a22      i 4500</leader>
<controlfield tag="FMT">BK</controlfield>
<controlfield tag="LDR">00000cam a22      i 4500</controlfield>
<controlfield tag="001">006253585</controlfield>
<controlfield tag="005">20180723134935.0</controlfield>
<controlfield tag="008">180723s2017    enkabe   b    011 0deng</controlfield>
<datafield tag="010" ind1=" " ind2=" ">
<subfield code="a">  2016021712</subfield>
</datafield>
<datafield tag="015" ind1=" " ind2=" ">
<subfield code="a">GBB727655</subfield>
<subfield code="2">bnb</subfield>
</datafield>
<datafield tag="016" ind1="7" ind2=" ">
<subfield code="a">018235482</subfield>
<subfield code="2">Uk</subfield>
</datafield>
<datafield tag="020" ind1=" " ind2=" ">
<subfield code="a">9781781792834</subfield>
<subfield code="q">(hardcover)</subfield>
</datafield>
<datafield tag="020" ind1=" " ind2=" ">
<subfield code="a">1781792836</subfield>
<subfield code="q">(hardcover)</subfield>
</datafield>
<datafield tag="035" ind1=" " ind2=" ">
<subfield code="a">(OCoLC)978271050</subfield>
<subfield code="z">(OCoLC)957243787</subfield>
<subfield code="z">(OCoLC)959266914</subfield>
</datafield>
<datafield tag="040" ind1=" " ind2=" ">
<subfield code="a">DLC</subfield>
<subfield code="b">eng</subfield>
<subfield code="e">rda</subfield>
<subfield code="c">DLC</subfield>
<subfield code="d">OCLCO</subfield>
<subfield code="d">OCLCQ</subfield>
<subfield code="d">YDX</subfield>
<subfield code="d">BTCTA</subfield>
<subfield code="d">YDX</subfield>
<subfield code="d">OCLCO</subfield>
<subfield code="d">EQO</subfield>
<subfield code="d">OCLCQ</subfield>
<subfield code="d">OCLCF</subfield>
<subfield code="d">NNU</subfield>
</datafield>
<datafield tag="042" ind1=" " ind2=" ">
<subfield code="a">pcc</subfield>
</datafield>
<datafield tag="043" ind1=" " ind2=" ">
<subfield code="a">a-jo---</subfield>
<subfield code="a">n-cn---</subfield>
</datafield>
<datafield tag="050" ind1="0" ind2="0">
<subfield code="a">DS153.3</subfield>
<subfield code="b">.W36 2017</subfield>
</datafield>
<datafield tag="082" ind1="0" ind2="0">
<subfield code="a">933/.5</subfield>
<subfield code="2">23</subfield>
</datafield>
<datafield tag="245" ind1="0" ind2="0">
<subfield code="a">Walking through Jordan :</subfield>
<subfield code="b">essays in honor of Burton MacDonald /</subfield>
<subfield code="c">edited by Michael P. Neeley, Geoffrey A. Clark and P.M. Miche&#768;le Daviau.</subfield>
</datafield>
<datafield tag="264" ind1=" " ind2="1">
<subfield code="a">Sheffield, South Yorkshire ;</subfield>
<subfield code="a">Bristol, CT :</subfield>
<subfield code="b">Equinox Publishing Ltd.,</subfield>
<subfield code="c">2017.</subfield>
</datafield>
<datafield tag="300" ind1=" " ind2=" ">
<subfield code="a">405</subfield>
<subfield code="b">illustrations, maps, plans ;</subfield>
<subfield code="c">27 cm</subfield>
</datafield>
<datafield tag="336" ind1=" " ind2=" ">
<subfield code="a">text</subfield>
<subfield code="b">txt</subfield>
<subfield code="2">rdacontent</subfield>
</datafield>
<datafield tag="336" ind1=" " ind2=" ">
<subfield code="a">still image</subfield>
<subfield code="b">sti</subfield>
<subfield code="2">rdacontent</subfield>
</datafield>
<datafield tag="336" ind1=" " ind2=" ">
<subfield code="a">cartographic image</subfield>
<subfield code="b">cri</subfield>
<subfield code="2">rdacontent</subfield>
</datafield>
<datafield tag="337" ind1=" " ind2=" ">
<subfield code="a">unmediated</subfield>
<subfield code="b">n</subfield>
<subfield code="2">rdamedia</subfield>
</datafield>
<datafield tag="338" ind1=" " ind2=" ">
<subfield code="a">volume</subfield>
<subfield code="b">nc</subfield>
<subfield code="2">rdacarrier</subfield>
</datafield>
<datafield tag="520" ind1="2" ind2=" ">
<subfield code="a">"The objective of Walking through Jordan is to acknowledge and honor the singular achievements and wider impacts of Jordan's most prominent survey archaeologist, Burton MacDonald. MacDonald is a biblical scholar by training who has written extensively about the Iron Age and early Christianity. However, unlike many biblical scholars, MacDonald has also undertaken large regional survey projects which encompass the entire gamut of Jordanian prehistory and history. Thus, his work is unique in that it attracts the interest of a wide range of scholars. Contributing scholars from around the world reflect on three important areas of MacDonald's archaeological contributions: on archaeological survey in general, including those focusing on methodology and/or field projects that depend to a large extent on surveys, MacDonald's five major surveys-- papers that incorporate data from his field projects and sites tested or excavated by others that were first identified by his work, and the archaeology of the Bronze and Iron Ages, as well as the Roman Period and the early Christian era. Despite his important contributions to prehistoric archaeology, the early historical periods constitute the main emphasis of Burton's scholarly output"--Provided by publisher.</subfield>
</datafield>
<datafield tag="504" ind1=" " ind2=" ">
<subfield code="a">Includes bibliographical references and index.</subfield>
</datafield>
<datafield tag="505" ind1="0" ind2=" ">
<subfield code="a">Introduction / Michael P. Neeley, Geoffrey A. Clark, and P.M. Miche&#768;le Daviau -- An early Bronze Age basalt bowl and macehead from Khirbat al-Mudayna ath-Thamad / Steven Edwards, PhD candidate, University of Toronto -- A newly discovered Iron Age II cave tomb at Khirbat al-Mudayna on the Wadi ath-Thamad / Robert Chadwick, Bishops University, Sherbrooke, Quebec, Canada -- Industrial furnishings at Khirbat al-Mudayna ath-Thamad : clues from Egyptian culture / P.M. Miche&#768;le Daviau -- North Jordan during the early Iron Age : an historic and archaeological synthesis / Zeidan A. Kafafi, Yarmouk University in Irbid, Jordan -- Nelson Glueck's "Madaba line" and the Tall Madaba Archaeological Project / Jonathan Ferguson, PhD candidate, University of Toronto -- The Finnish Jabal Haroun Project : an assessment / Zbigniew T. Fiema, University of Helsinki -- The Khirbat Iskandar regional survey : a preliminary look / Suzanne Richard, Gannon University -- The EB IV pottery from the southern Ghors and northeast 'Arabah survey : regionalism reexamined / Stanley Klassen, University of Toronto -- The Iron Age pottery from Burton MacDonald's last three surveys in the highlands of southern Jordan / Larry G. Herr, Burman University, Lacombe, Alberta, Canada -- Pliny, Petra, and the aromatics trade / Andrew M. Smith II, George Washington University -- Monastic traditions in central Jordan : the Tall Ma'in archaeological survey / Debra Foran, Wilfrid Laurier University -- Reassessing Nelson Glueck's pioneer studies of eastern Palestine : part one, the surveys / Eveline J. van der Steen, independent scholar -- The Barqa landscape survey, 2009 / Russell B. Adams, Hannah A. Friedman, James D. Anderson, Michael M. Homan, and Lynne M. Rouse -- Going over old ground : archaeological survey in Jordan then and now / Edward B. Banning, University of Toronto --</subfield>
</datafield>
<datafield tag="505" ind1="0" ind2=" ">
<subfield code="a">Changing perspectives on the pre-pottery Neolithic : the Wadi al-Hasa after Burton MacDonald / Jane Peterson, Marquette University -- Archaeological and geomorphological investigations of the late Epipaleolithic in west-central Jordan : TBAS 212 in a regional context / Michael P. Neeley and J. Brett Hill, Hendrix College, Conway, Arkansas -- The middle Epipaleolithic at Tor at-Tareeq in the Wadi al-Hasa, Jordan / Deborah I. Olszewski, Natalie D. Munro, and Michael Kennerty -- Burton MacDonald and the Stone Age in Jordan / Geoffrey A. Clark, Arizona State University.</subfield>
</datafield>
<datafield tag="600" ind1="1" ind2="0">
<subfield code="a">MacDonald, Burton,</subfield>
<subfield code="d">1939-</subfield>
</datafield>
<datafield tag="651" ind1=" " ind2="0">
<subfield code="a">Jordan</subfield>
<subfield code="x">Antiquities.</subfield>
</datafield>
<datafield tag="650" ind1=" " ind2="0">
<subfield code="a">Excavations (Archaeology)</subfield>
<subfield code="z">Jordan.</subfield>
</datafield>
<datafield tag="650" ind1=" " ind2="0">
<subfield code="a">Historic sites</subfield>
<subfield code="z">Jordan.</subfield>
</datafield>
<datafield tag="650" ind1=" " ind2="0">
<subfield code="a">Archaeological surveying</subfield>
<subfield code="z">Jordan.</subfield>
</datafield>
<datafield tag="650" ind1=" " ind2="0">
<subfield code="a">Antiquities, Prehistoric</subfield>
<subfield code="z">Jordan.</subfield>
</datafield>
<datafield tag="650" ind1=" " ind2="0">
<subfield code="a">Archaeology and history</subfield>
<subfield code="z">Jordan.</subfield>
</datafield>
<datafield tag="650" ind1=" " ind2="0">
<subfield code="a">Archaeologists</subfield>
<subfield code="z">Canada</subfield>
<subfield code="v">Biography.</subfield>
</datafield>
<datafield tag="650" ind1=" " ind2="7">
<subfield code="a">Antiquities.</subfield>
<subfield code="2">fast</subfield>
<subfield code="0">(OCoLC)fst00810745</subfield>
</datafield>
<datafield tag="650" ind1=" " ind2="7">
<subfield code="a">Antiquities, Prehistoric.</subfield>
<subfield code="2">fast</subfield>
<subfield code="0">(OCoLC)fst00810762</subfield>
</datafield>
<datafield tag="650" ind1=" " ind2="7">
<subfield code="a">Archaeological surveying.</subfield>
<subfield code="2">fast</subfield>
<subfield code="0">(OCoLC)fst00812919</subfield>
</datafield>
<datafield tag="650" ind1=" " ind2="7">
<subfield code="a">Archaeologists.</subfield>
<subfield code="2">fast</subfield>
<subfield code="0">(OCoLC)fst00812929</subfield>
</datafield>
<datafield tag="650" ind1=" " ind2="7">
<subfield code="a">Archaeology and history.</subfield>
<subfield code="2">fast</subfield>
<subfield code="0">(OCoLC)fst00813004</subfield>
</datafield>
<datafield tag="650" ind1=" " ind2="7">
<subfield code="a">Excavations (Archaeology)</subfield>
<subfield code="2">fast</subfield>
<subfield code="0">(OCoLC)fst00917564</subfield>
</datafield>
<datafield tag="650" ind1=" " ind2="7">
<subfield code="a">Historic sites.</subfield>
<subfield code="2">fast</subfield>
<subfield code="0">(OCoLC)fst00957846</subfield>
</datafield>
<datafield tag="651" ind1=" " ind2="7">
<subfield code="a">Canada.</subfield>
<subfield code="2">fast</subfield>
<subfield code="0">(OCoLC)fst01204310</subfield>
</datafield>
<datafield tag="651" ind1=" " ind2="7">
<subfield code="a">Jordan.</subfield>
<subfield code="2">fast</subfield>
<subfield code="0">(OCoLC)fst01205669</subfield>
</datafield>
<datafield tag="655" ind1=" " ind2="7">
<subfield code="a">Biography.</subfield>
<subfield code="2">fast</subfield>
<subfield code="0">(OCoLC)fst01423686</subfield>
</datafield>
<datafield tag="700" ind1="1" ind2=" ">
<subfield code="a">Neeley, Michael P.,</subfield>
<subfield code="e">editor,</subfield>
<subfield code="e">author.</subfield>
</datafield>
<datafield tag="700" ind1="1" ind2=" ">
<subfield code="a">Clark, Geoffrey A.,</subfield>
<subfield code="e">editor,</subfield>
<subfield code="e">author.</subfield>
</datafield>
<datafield tag="700" ind1="1" ind2=" ">
<subfield code="a">Daviau, P. M. Miche&#768;le,</subfield>
<subfield code="e">editor,</subfield>
<subfield code="e">author.</subfield>
</datafield>
<datafield tag="700" ind1="1" ind2=" ">
<subfield code="a">MacDonald, Burton,</subfield>
<subfield code="d">1939-</subfield>
<subfield code="e">honouree.</subfield>
</datafield>
<datafield tag="776" ind1="0" ind2="8">
<subfield code="i">Online version:</subfield>
<subfield code="t">Walking through Jordan.</subfield>
<subfield code="d">Sheffield, UK ; Bristol, CT : Equinox Publishing Ltd, 2017</subfield>
<subfield code="z">9781781795255</subfield>
<subfield code="w">(DLC) 2017013641</subfield>
</datafield>
<datafield tag="OWN" ind1=" " ind2=" ">
<subfield code="a">GENERAL</subfield>
</datafield>
<datafield tag="AVA" ind1=" " ind2=" ">
<subfield code="a">NYU50</subfield>
<subfield code="b">NISAW</subfield>
<subfield code="c">Large Collection</subfield>
<subfield code="d">DS153.3 .W36 2017</subfield>
<subfield code="e">unavailable</subfield>
<subfield code="t">Unavailable</subfield>
<subfield code="f">1</subfield>
<subfield code="g">1</subfield>
<subfield code="h">N</subfield>
<subfield code="i">0</subfield>
<subfield code="j">LARGE</subfield>
<subfield code="k">0</subfield>
</datafield>
</record>