<record xmlns="http://www.loc.gov/MARC21/slim" xmlns:xsi="http://www.w3.org/2001/XMLSchema-instance" xsi:schemaLocation="http://www.loc.gov/MARC21/slim http://www.loc.gov/standards/marcxml/schema/MARC21slim.xsd">
<leader>00000cas a2200505 a 4500</leader>
<controlfield tag="FMT">SE</controlfield>
<controlfield tag="LDR">00000cas a2200505 a 4500</controlfield>
<controlfield tag="001">003517011</controlfield>
<controlfield tag="003">OCoLC</controlfield>
<controlfield tag="005">20180717163551.0</controlfield>
<controlfield tag="008">111010c20069999ai ar|        0    0eng d</controlfield>
<datafield tag="010" ind1=" " ind2=" ">
<subfield code="a">2008222585</subfield>
</datafield>
<datafield tag="022" ind1=" " ind2=" ">
<subfield code="a">1829-1376</subfield>
<subfield code="l">1829-1376</subfield>
</datafield>
<datafield tag="035" ind1=" " ind2=" ">
<subfield code="a">(OCoLC)182549907</subfield>
</datafield>
<datafield tag="040" ind1=" " ind2=" ">
<subfield code="a">CFS</subfield>
<subfield code="c">CFS</subfield>
<subfield code="d">CLU</subfield>
<subfield code="d">DLC</subfield>
<subfield code="d">HEBIS</subfield>
<subfield code="d">GBVCP</subfield>
<subfield code="d">GWDNB</subfield>
<subfield code="d">NNU</subfield>
</datafield>
<datafield tag="041" ind1="0" ind2=" ">
<subfield code="a">eng</subfield>
<subfield code="a">fre</subfield>
<subfield code="a">ger</subfield>
<subfield code="b">arm</subfield>
</datafield>
<datafield tag="042" ind1=" " ind2=" ">
<subfield code="a">lcd</subfield>
</datafield>
<datafield tag="043" ind1=" " ind2=" ">
<subfield code="a">a-ai---</subfield>
<subfield code="a">aw-----</subfield>
<subfield code="a">a-ir---</subfield>
<subfield code="a">a-tu---</subfield>
</datafield>
<datafield tag="050" ind1=" " ind2="4">
<subfield code="a">DS161</subfield>
<subfield code="b">.A65</subfield>
</datafield>
<datafield tag="079" ind1=" " ind2=" ">
<subfield code="a">(OCoLC)182549907</subfield>
</datafield>
<datafield tag="245" ind1="0" ind2="0">
<subfield code="a">Aramazd :</subfield>
<subfield code="b">Armenian journal of Near Eastern studies.</subfield>
</datafield>
<datafield tag="246" ind1="3" ind2="0">
<subfield code="a">Armenian journal of Near Eastern studies</subfield>
</datafield>
<datafield tag="246" ind1="3" ind2="3">
<subfield code="a">AJNES</subfield>
</datafield>
<datafield tag="260" ind1=" " ind2=" ">
<subfield code="a">Yerevan :</subfield>
<subfield code="b">Association for Near Eastern and Caucasian Studies,</subfield>
<subfield code="c">2006-</subfield>
</datafield>
<datafield tag="300" ind1=" " ind2=" ">
<subfield code="a">v. :</subfield>
<subfield code="b">ill., maps ;</subfield>
<subfield code="c">24 cm.</subfield>
</datafield>
<datafield tag="310" ind1=" " ind2=" ">
<subfield code="a">Annual</subfield>
</datafield>
<datafield tag="362" ind1="0" ind2=" ">
<subfield code="a">Vol. 1 (2006)-</subfield>
</datafield>
<datafield tag="546" ind1=" " ind2=" ">
<subfield code="a">Chiefly in English; some articles in French or German; summaries in Armenian.</subfield>
</datafield>
<datafield tag="500" ind1=" " ind2=" ">
<subfield code="a">Vols. 2- have added t.p. in Armenian.</subfield>
</datafield>
<datafield tag="500" ind1=" " ind2=" ">
<subfield code="a">Vols. 3- issued in two parts.</subfield>
</datafield>
<datafield tag="500" ind1=" " ind2=" ">
<subfield code="a">Vol. 5 has title: Urartu and its neighbors : festschrift in honor of Nicolay Harutyunyan in occasion of his 90th birthday.</subfield>
</datafield>
<datafield tag="588" ind1=" " ind2=" ">
<subfield code="a">Latest issue consulted: Vol. 6:2 (2011).</subfield>
</datafield>
<datafield tag="650" ind1=" " ind2="0">
<subfield code="a">Armenians</subfield>
<subfield code="x">History</subfield>
<subfield code="v">Periodicals.</subfield>
</datafield>
<datafield tag="651" ind1=" " ind2="0">
<subfield code="a">Armenia</subfield>
<subfield code="x">History</subfield>
<subfield code="v">Periodicals.</subfield>
</datafield>
<datafield tag="651" ind1=" " ind2="0">
<subfield code="a">Armenia</subfield>
<subfield code="x">Civilization</subfield>
<subfield code="v">Periodicals.</subfield>
</datafield>
<datafield tag="651" ind1=" " ind2="0">
<subfield code="a">Armenia</subfield>
<subfield code="x">Antiquities</subfield>
<subfield code="v">Periodicals.</subfield>
</datafield>
<datafield tag="651" ind1=" " ind2="7">
<subfield code="a">Armenia.</subfield>
<subfield code="2">pleiades</subfield>
<subfield code="0">https://pleiades.stoa.org/places/874350</subfield>
<subfield code="5">NyNyUAW</subfield>
</datafield>
<datafield tag="651" ind1=" " ind2="0">
<subfield code="a">Middle East</subfield>
<subfield code="v">Periodicals.</subfield>
</datafield>
<datafield tag="710" ind1="2" ind2=" ">
<subfield code="a">Association for Near Eastern and Caucasian Studies.</subfield>
</datafield>
<datafield tag="740" ind1="0" ind2="2">
<subfield code="a">Urartu and its neighbors.</subfield>
</datafield>
<datafield tag="994" ind1=" " ind2=" ">
<subfield code="a">Z0</subfield>
<subfield code="b">ZYU</subfield>
</datafield>
<datafield tag="OWN" ind1=" " ind2=" ">
<subfield code="a">GENERAL</subfield>
</datafield>
<datafield tag="AVA" ind1=" " ind2=" ">
<subfield code="a">NYU50</subfield>
<subfield code="b">NISAW</subfield>
<subfield code="c">Oak Collection</subfield>
<subfield code="d">DS161 .A65 Non-circulating</subfield>
<subfield code="e">available</subfield>
<subfield code="t">Available</subfield>
<subfield code="f">14</subfield>
<subfield code="g">0</subfield>
<subfield code="h">Y</subfield>
<subfield code="i">0</subfield>
<subfield code="j">OAK</subfield>
<subfield code="k">0</subfield>
</datafield>
</record>