<record xmlns="http://www.loc.gov/MARC21/slim" xmlns:xsi="http://www.w3.org/2001/XMLSchema-instance" xsi:schemaLocation="http://www.loc.gov/MARC21/slim http://www.loc.gov/standards/marcxml/schema/MARC21slim.xsd">
<leader>00000cam a2200325 a 4500</leader>
<controlfield tag="FMT">BK</controlfield>
<controlfield tag="LDR">00000cam a2200325 a 4500</controlfield>
<controlfield tag="001">002121200</controlfield>
<controlfield tag="003">NNU</controlfield>
<controlfield tag="005">20180709144426.0</controlfield>
<controlfield tag="008">930614s1993    be       b    001 0 fre</controlfield>
<datafield tag="010" ind1=" " ind2=" ">
<subfield code="a">93188004</subfield>
</datafield>
<datafield tag="035" ind1="9" ind2=" ">
<subfield code="a">NYUb11097259</subfield>
</datafield>
<datafield tag="035" ind1=" " ind2=" ">
<subfield code="a">(CStRLIN)NYUG93-B28008</subfield>
</datafield>
<datafield tag="035" ind1=" " ind2=" ">
<subfield code="a">GLIS010972595</subfield>
</datafield>
<datafield tag="040" ind1=" " ind2=" ">
<subfield code="a">DLC</subfield>
<subfield code="c">DLC</subfield>
<subfield code="d">NNU</subfield>
</datafield>
<datafield tag="043" ind1=" " ind2=" ">
<subfield code="a">a-ir---</subfield>
</datafield>
<datafield tag="050" ind1="0" ind2="0">
<subfield code="a">DS285</subfield>
<subfield code="b">.W65 1993</subfield>
</datafield>
<datafield tag="079" ind1=" " ind2=" ">
<subfield code="a">(OCoLC)28926329</subfield>
</datafield>
<datafield tag="082" ind1="0" ind2="0">
<subfield code="a">935/.06</subfield>
<subfield code="2">20</subfield>
</datafield>
<datafield tag="090" ind1=" " ind2=" ">
<subfield code="a">DS285</subfield>
<subfield code="b">.W65 1993</subfield>
<subfield code="i">02/01/94 CT</subfield>
</datafield>
<datafield tag="100" ind1="1" ind2=" ">
<subfield code="a">Wolski, J&#243;zef.</subfield>
</datafield>
<datafield tag="245" ind1="1" ind2="2">
<subfield code="a">L'Empire des Arsacides /</subfield>
<subfield code="c">par J&#243;zef Wolski.</subfield>
</datafield>
<datafield tag="260" ind1=" " ind2=" ">
<subfield code="a">Lovanii :</subfield>
<subfield code="b">In Aedibus Peeters,</subfield>
<subfield code="c">1993.</subfield>
</datafield>
<datafield tag="300" ind1=" " ind2=" ">
<subfield code="a">218 p. ;</subfield>
<subfield code="c">25 cm.</subfield>
</datafield>
<datafield tag="490" ind1="1" ind2=" ">
<subfield code="a">Acta Iranica ;</subfield>
<subfield code="v">32.</subfield>
<subfield code="a">Troisi&#232;me s&#233;rie, Textes et m&#233;moires ;</subfield>
<subfield code="v">v. 18</subfield>
</datafield>
<datafield tag="500" ind1=" " ind2=" ">
<subfield code="a">ISAW copy is from the library of Nina Garso&#239;an.</subfield>
<subfield code="5">NyNyUAW</subfield>
</datafield>
<datafield tag="504" ind1=" " ind2=" ">
<subfield code="a">Includes bibliographical references (p. [202]-212) and indexes.</subfield>
</datafield>
<datafield tag="583" ind1="1" ind2=" ">
<subfield code="a">committed to retain</subfield>
<subfield code="c">20160630</subfield>
<subfield code="d">20310630</subfield>
<subfield code="f">EAST</subfield>
<subfield code="h">Elmer Holmes Bobst Library</subfield>
<subfield code="z">This title retained by New York University Libraries on behalf of the Eastern Academic Scholars Trust (EAST)</subfield>
<subfield code="5">NNU</subfield>
</datafield>
<datafield tag="651" ind1=" " ind2="0">
<subfield code="a">Iran</subfield>
<subfield code="x">History</subfield>
<subfield code="y">To 640.</subfield>
</datafield>
<datafield tag="650" ind1=" " ind2="0">
<subfield code="a">Parthians.</subfield>
</datafield>
<datafield tag="600" ind1="3" ind2="0">
<subfield code="a">Arsacid dynasty,</subfield>
<subfield code="d">247 B.C.-224 A.D.</subfield>
</datafield>
<datafield tag="651" ind1=" " ind2="7">
<subfield code="a">Parthyene/Parthia.</subfield>
<subfield code="2">pleiades</subfield>
<subfield code="0">https://pleiades.stoa.org/places/952097</subfield>
<subfield code="5">NyNyUAW</subfield>
</datafield>
<datafield tag="700" ind1="1" ind2=" ">
<subfield code="a">Garso&#239;an, Nina G.,</subfield>
<subfield code="d">1923-</subfield>
<subfield code="e">former owner.</subfield>
<subfield code="5">NyNyUAW</subfield>
</datafield>
<datafield tag="740" ind1="0" ind2=" ">
<subfield code="a">Garso&#239;an Collection.</subfield>
<subfield code="5">NyNyUAW</subfield>
</datafield>
<datafield tag="830" ind1=" " ind2="0">
<subfield code="a">Acta Iranica.</subfield>
<subfield code="n">Troisi&#232;me s&#233;rie,</subfield>
<subfield code="p">Textes et m&#233;moires ;</subfield>
<subfield code="v">v. 18.</subfield>
</datafield>
<datafield tag="830" ind1=" " ind2="0">
<subfield code="a">Acta Iranica ;</subfield>
<subfield code="v">32.</subfield>
</datafield>
<datafield tag="OWN" ind1=" " ind2=" ">
<subfield code="a">GENERAL</subfield>
</datafield>
<datafield tag="950" ind1=" " ind2=" ">
<subfield code="l">BMAIN</subfield>
<subfield code="i">02/01/94 C</subfield>
</datafield>
<datafield tag="955" ind1=" " ind2=" ">
<subfield code="l">BMAIN</subfield>
<subfield code="c">1</subfield>
<subfield code="q">93-B28008-1</subfield>
<subfield code="r">017952360</subfield>
<subfield code="i">02/01/94 C</subfield>
</datafield>
<datafield tag="998" ind1=" " ind2=" ">
<subfield code="a">02/01/94</subfield>
<subfield code="t">b</subfield>
<subfield code="s">9110</subfield>
<subfield code="n">NNU</subfield>
<subfield code="w">DCLC93188004B</subfield>
<subfield code="d">06/14/93</subfield>
<subfield code="b">JR</subfield>
<subfield code="i">940201</subfield>
<subfield code="l">NYUG</subfield>
</datafield>
<datafield tag="AVA" ind1=" " ind2=" ">
<subfield code="a">NYU50</subfield>
<subfield code="b">BOBST</subfield>
<subfield code="c">Main Collection</subfield>
<subfield code="d">DS285 .W65 1993</subfield>
<subfield code="e">unavailable</subfield>
<subfield code="t">Unavailable</subfield>
<subfield code="f">1</subfield>
<subfield code="g">1</subfield>
<subfield code="h">N</subfield>
<subfield code="i">2</subfield>
<subfield code="j">MAIN</subfield>
<subfield code="k">0</subfield>
</datafield>
<datafield tag="AVA" ind1=" " ind2=" ">
<subfield code="a">NYU50</subfield>
<subfield code="b">NISAW</subfield>
<subfield code="c">Small Collection</subfield>
<subfield code="d">DS285 .W65 1993 Non-circulating</subfield>
<subfield code="e">available</subfield>
<subfield code="t">Available</subfield>
<subfield code="f">1</subfield>
<subfield code="g">0</subfield>
<subfield code="h">N</subfield>
<subfield code="i">0</subfield>
<subfield code="j">SMALL</subfield>
<subfield code="k">0</subfield>
</datafield>
</record>