<record xmlns="http://www.loc.gov/MARC21/slim" xmlns:xsi="http://www.w3.org/2001/XMLSchema-instance" xsi:schemaLocation="http://www.loc.gov/MARC21/slim http://www.loc.gov/standards/marcxml/schema/MARC21slim.xsd">
<leader>00000cam a2200517 i 4500</leader>
<controlfield tag="FMT">BK</controlfield>
<controlfield tag="LDR">00000cam a2200517 i 4500</controlfield>
<controlfield tag="001">005683450</controlfield>
<controlfield tag="003">OCoLC</controlfield>
<controlfield tag="005">20171221111750.0</controlfield>
<controlfield tag="008">170926t20172017stkab    b    001 0 eng d</controlfield>
<datafield tag="010" ind1=" " ind2=" ">
<subfield code="a">2017446791</subfield>
</datafield>
<datafield tag="020" ind1=" " ind2=" ">
<subfield code="a">9781474401012</subfield>
<subfield code="q">hardcover</subfield>
</datafield>
<datafield tag="020" ind1=" " ind2=" ">
<subfield code="a">1474401015</subfield>
<subfield code="q">hardcover</subfield>
</datafield>
<datafield tag="020" ind1=" " ind2=" ">
<subfield code="z">9781474401029</subfield>
<subfield code="q">pdf</subfield>
</datafield>
<datafield tag="020" ind1=" " ind2=" ">
<subfield code="z">9781474420686</subfield>
<subfield code="q">epub</subfield>
</datafield>
<datafield tag="035" ind1="7" ind2=" ">
<subfield code="a">ybp12260817</subfield>
</datafield>
<datafield tag="035" ind1=" " ind2=" ">
<subfield code="a">(OCoLC)994727973</subfield>
</datafield>
<datafield tag="040" ind1=" " ind2=" ">
<subfield code="a">YDX</subfield>
<subfield code="b">eng</subfield>
<subfield code="e">rda</subfield>
<subfield code="c">DLC</subfield>
<subfield code="d">GUA</subfield>
<subfield code="d">MEAUC</subfield>
<subfield code="d">DEBBG</subfield>
<subfield code="d">OCLCO</subfield>
</datafield>
<datafield tag="042" ind1=" " ind2=" ">
<subfield code="a">lccopycat</subfield>
</datafield>
<datafield tag="043" ind1=" " ind2=" ">
<subfield code="a">a-ir---</subfield>
</datafield>
<datafield tag="050" ind1="0" ind2="0">
<subfield code="a">DS286</subfield>
<subfield code="b">.S275 2017</subfield>
</datafield>
<datafield tag="079" ind1=" " ind2=" ">
<subfield code="a">(OCoLC)994727973</subfield>
</datafield>
<datafield tag="082" ind1="0" ind2="4">
<subfield code="a">935</subfield>
<subfield code="2">23</subfield>
</datafield>
<datafield tag="245" ind1="0" ind2="0">
<subfield code="a">Sasanian Persia :</subfield>
<subfield code="b">Between Rome and the Steppes of Eurasia /</subfield>
<subfield code="c">edited by Eberhard W. Sauer.</subfield>
</datafield>
<datafield tag="264" ind1=" " ind2="1">
<subfield code="a">Edinburgh :</subfield>
<subfield code="b">Edinburgh University Press,</subfield>
<subfield code="c">[2017]</subfield>
</datafield>
<datafield tag="264" ind1=" " ind2="4">
<subfield code="c">&#169;2017</subfield>
</datafield>
<datafield tag="300" ind1=" " ind2=" ">
<subfield code="a">314</subfield>
<subfield code="b">illustrations, maps ;</subfield>
<subfield code="c">25 cm.</subfield>
</datafield>
<datafield tag="336" ind1=" " ind2=" ">
<subfield code="a">text</subfield>
<subfield code="b">txt</subfield>
<subfield code="2">rdacontent</subfield>
</datafield>
<datafield tag="337" ind1=" " ind2=" ">
<subfield code="a">unmediated</subfield>
<subfield code="b">n</subfield>
<subfield code="2">rdamedia</subfield>
</datafield>
<datafield tag="338" ind1=" " ind2=" ">
<subfield code="a">volume</subfield>
<subfield code="b">nc</subfield>
<subfield code="2">rdacarrier</subfield>
</datafield>
<datafield tag="490" ind1="1" ind2=" ">
<subfield code="a">Edinburgh studies in ancient Persia</subfield>
</datafield>
<datafield tag="504" ind1=" " ind2=" ">
<subfield code="a">Includes bibliographical references and index.</subfield>
</datafield>
<datafield tag="520" ind1=" " ind2=" ">
<subfield code="a">The Sasanian Empire (third-seventh centuries) was one of the largest empires of antiquity, stretching from Mesopotamia to modern Pakistan and from Central Asia to the Arabian Peninsula. This mega-empire withstood powerful opponents in the steppe and expanded further in Late Antiquity, whilst the Roman world shrunk in size. Recent research has revealed the reasons for this success, notably population growth in some territories, economic prosperity and urban development, made possible through investment in agriculture and military infrastructure on a scale unparalleled in the late antique world. This volume explores the empire's relations with its neighbours and key phenomena which contributed to its wealth and power, from the empire's armed forces to agriculture, trade and treatment of minorities. The latest discoveries, notably major urban foundations, fortifications and irrigations systems, feature prominently. An empire whose military might and urban culture rivalled Rome and foreshadowed the caliphate will be of interest to scholars of the Roman and Islamic world.</subfield>
</datafield>
<datafield tag="650" ind1=" " ind2="0">
<subfield code="a">Sassanids.</subfield>
</datafield>
<datafield tag="650" ind1=" " ind2="0">
<subfield code="a">Excavations (Archaeology)</subfield>
<subfield code="z">Iran.</subfield>
</datafield>
<datafield tag="651" ind1=" " ind2="0">
<subfield code="a">Iran</subfield>
<subfield code="x">History</subfield>
<subfield code="y">To 640.</subfield>
</datafield>
<datafield tag="648" ind1=" " ind2="4">
<subfield code="a">Geschichte.</subfield>
</datafield>
<datafield tag="600" ind1="0" ind2="7">
<subfield code="a">Sassaniden.</subfield>
<subfield code="2">gnd</subfield>
</datafield>
<datafield tag="651" ind1=" " ind2="7">
<subfield code="a">Iran</subfield>
<subfield code="g">Altertum.</subfield>
<subfield code="2">gnd</subfield>
</datafield>
<datafield tag="655" ind1=" " ind2="7">
<subfield code="a">Aufsatzsammlung.</subfield>
<subfield code="0">(DE-588)4143413-4.</subfield>
<subfield code="2">gnd</subfield>
</datafield>
<datafield tag="700" ind1="1" ind2=" ">
<subfield code="a">Sauer, Eberhard W.,</subfield>
<subfield code="d">1970-</subfield>
<subfield code="e">editor.</subfield>
</datafield>
<datafield tag="830" ind1=" " ind2="0">
<subfield code="a">Edinburgh studies in ancient Persia.</subfield>
</datafield>
<datafield tag="OWN" ind1=" " ind2=" ">
<subfield code="a">GENERAL</subfield>
</datafield>
<datafield tag="AVA" ind1=" " ind2=" ">
<subfield code="a">NYU50</subfield>
<subfield code="b">BOBST</subfield>
<subfield code="c">Main Collection</subfield>
<subfield code="d">DS286 .S27 2017</subfield>
<subfield code="e">unavailable</subfield>
<subfield code="t">Unavailable</subfield>
<subfield code="f">1</subfield>
<subfield code="g">1</subfield>
<subfield code="h">N</subfield>
<subfield code="i">0</subfield>
<subfield code="j">MAIN</subfield>
<subfield code="k">0</subfield>
</datafield>
<datafield tag="AVA" ind1=" " ind2=" ">
<subfield code="a">NYU50</subfield>
<subfield code="b">NISAW</subfield>
<subfield code="c">Small Collection</subfield>
<subfield code="d">DS286 .S275 2017 Non-circulating</subfield>
<subfield code="e">available</subfield>
<subfield code="t">Available</subfield>
<subfield code="f">1</subfield>
<subfield code="g">0</subfield>
<subfield code="h">N</subfield>
<subfield code="i">0</subfield>
<subfield code="j">SMALL</subfield>
<subfield code="k">0</subfield>
</datafield>
<datafield tag="AVA" ind1=" " ind2=" ">
<subfield code="a">NYU51</subfield>
<subfield code="b">NABUD</subfield>
<subfield code="c">Main Collection</subfield>
<subfield code="d">DS286 .S275 2017</subfield>
<subfield code="e">available</subfield>
<subfield code="t">Available</subfield>
<subfield code="f">1</subfield>
<subfield code="g">0</subfield>
<subfield code="h">N</subfield>
<subfield code="i">0</subfield>
<subfield code="j">MAIN</subfield>
<subfield code="k">0</subfield>
</datafield>
</record>