<record xmlns="http://www.loc.gov/MARC21/slim" xmlns:xsi="http://www.w3.org/2001/XMLSchema-instance" xsi:schemaLocation="http://www.loc.gov/MARC21/slim http://www.loc.gov/standards/marcxml/schema/MARC21slim.xsd">
<leader>00000nam a22     Ii 4500</leader>
<controlfield tag="FMT">BK</controlfield>
<controlfield tag="LDR">00000nam a22     Ii 4500</controlfield>
<controlfield tag="001">006255163</controlfield>
<controlfield tag="005">20180726100106.0</controlfield>
<controlfield tag="008">180726t20172017ru a     b    100 0 rusod</controlfield>
<datafield tag="035" ind1=" " ind2=" ">
<subfield code="a">(OCoLC)1046075608</subfield>
</datafield>
<datafield tag="040" ind1=" " ind2=" ">
<subfield code="a">ZYU</subfield>
<subfield code="b">eng</subfield>
<subfield code="e">rda</subfield>
<subfield code="c">ZYU</subfield>
</datafield>
<datafield tag="050" ind1=" " ind2="4">
<subfield code="a">DS327.25</subfield>
<subfield code="b">.M494 2017</subfield>
</datafield>
<datafield tag="111" ind1="2" ind2=" ">
<subfield code="6">880-01</subfield>
<subfield code="a">Mezhdunarodnai&#865;a nauchnai&#865;a konferent&#865;sii&#865;a "Aktual&#697;nye voprosy arkheologii i &#279;tnologii T&#865;Sentral&#697;no&#301; Azii"</subfield>
<subfield code="n">(2nd:</subfield>
<subfield code="d">2017:</subfield>
<subfield code="c">Ulan-Ud&#279;, Russia)</subfield>
</datafield>
<datafield tag="245" ind1="1" ind2="0">
<subfield code="6">880-02</subfield>
<subfield code="a">Aktual&#697;nye voprosy arkheologii i &#279;tnologii T&#865;Sentral&#697;no&#301; Azii :</subfield>
<subfield code="b">materialy II mezhdunarodno&#301; nauchno&#301; konferent&#865;sii, Ulan-Ud&#279;, 4-6 dekabri&#865;a 2017 g. = Actual problems of archaeology and ethnology of Central Asia : Materials of the II iInternational conference (Ulan-Ude, 4-6th December, 2017) /</subfield>
<subfield code="c">otvetstvenny&#301; redaktor, B.V. Bazarov.</subfield>
</datafield>
<datafield tag="246" ind1="3" ind2="1">
<subfield code="a">Actual problems of archaeology and ethnology of Central Asia : Materials of the II iInternational conference (Ulan-Ude, 4-6th December, 2017)</subfield>
</datafield>
<datafield tag="264" ind1=" " ind2="1">
<subfield code="6">880-03</subfield>
<subfield code="a">Ulan-Ud&#279; :</subfield>
<subfield code="b">Izd-vo BNT&#865;s SO RAN,</subfield>
<subfield code="c">2017.</subfield>
</datafield>
<datafield tag="264" ind1=" " ind2="4">
<subfield code="c">&#169;2017</subfield>
</datafield>
<datafield tag="300" ind1=" " ind2=" ">
<subfield code="a">333 pages :</subfield>
<subfield code="b">illustrations ;</subfield>
<subfield code="c">29 cm</subfield>
</datafield>
<datafield tag="336" ind1=" " ind2=" ">
<subfield code="a">text</subfield>
<subfield code="b">txt</subfield>
<subfield code="2">rdacontent</subfield>
</datafield>
<datafield tag="337" ind1=" " ind2=" ">
<subfield code="a">unmediated</subfield>
<subfield code="b">n</subfield>
<subfield code="2">rdamedia</subfield>
</datafield>
<datafield tag="338" ind1=" " ind2=" ">
<subfield code="a">volume</subfield>
<subfield code="b">nc</subfield>
<subfield code="2">rdacarrier</subfield>
</datafield>
<datafield tag="500" ind1=" " ind2=" ">
<subfield code="6">880-04</subfield>
<subfield code="a">"Nauchnoe izdanie"--Colophon.</subfield>
</datafield>
<datafield tag="500" ind1=" " ind2=" ">
<subfield code="6">880-05</subfield>
<subfield code="a">At head of title: "Federal&#697;noe gosudarstvennoe bi&#865;udzhetnoe uchrezhdenie nauki. Institut mongolovedenii&#865;a, buddologii i tibetologii Sibirskogo otdelenii&#865;a Rossi&#301;sko&#301; akademii nauk."</subfield>
</datafield>
<datafield tag="546" ind1=" " ind2=" ">
<subfield code="a">Articles chiefly in Russian, 3 in English, 8 in Mongolian, titles of articles, abstracts and table of contents also in English.</subfield>
</datafield>
<datafield tag="504" ind1=" " ind2=" ">
<subfield code="a">Includes bibliographical references.</subfield>
</datafield>
<datafield tag="651" ind1=" " ind2="0">
<subfield code="a">Asia, Central</subfield>
<subfield code="x">Antiquities</subfield>
<subfield code="v">Congresses.</subfield>
</datafield>
<datafield tag="651" ind1=" " ind2="0">
<subfield code="a">Asia, Central</subfield>
<subfield code="x">Civilization</subfield>
<subfield code="v">Congresses.</subfield>
</datafield>
<datafield tag="651" ind1=" " ind2="0">
<subfield code="a">Asia, Central</subfield>
<subfield code="x">Ethnic relations</subfield>
<subfield code="v">Congresses.</subfield>
</datafield>
<datafield tag="700" ind1="1" ind2=" ">
<subfield code="6">880-06</subfield>
<subfield code="a">Bazarov, B. V.,</subfield>
<subfield code="e">editor.</subfield>
</datafield>
<datafield tag="710" ind1="2" ind2=" ">
<subfield code="6">880-07</subfield>
<subfield code="a">Institut mongolovedenii&#865;a, buddologii i tibetologii (Rossi&#301;skai&#865;a akademii&#865;a nauk. Sibirskoe otdelenie),</subfield>
<subfield code="e">host institution.</subfield>
</datafield>
<datafield tag="880" ind1="2" ind2=" ">
<subfield code="6">111-01/</subfield>
<subfield code="a">&#1052;&#1077;&#1078;&#1076;&#1091;&#1085;&#1072;&#1088;&#1086;&#1076;&#1085;&#1072;&#1103; &#1085;&#1072;&#1091;&#1095;&#1085;&#1072;&#1103; &#1082;&#1086;&#1085;&#1092;&#1077;&#1088;&#1077;&#1085;&#1094;&#1080;&#1103; "&#1040;&#1082;&#1090;&#1091;&#1072;&#1083;&#1100;&#1085;&#1099;&#1077; &#1074;&#1086;&#1087;&#1088;&#1086;&#1089;&#1099; &#1072;&#1088;&#1093;&#1077;&#1086;&#1083;&#1086;&#1075;&#1080;&#1080; &#1080; &#1101;&#1090;&#1085;&#1086;&#1083;&#1086;&#1075;&#1080;&#1080; &#1062;&#1077;&#1085;&#1090;&#1088;&#1072;&#1083;&#1100;&#1085;&#1086;&#1081; &#1040;&#1079;&#1080;&#1080;"</subfield>
<subfield code="n">(2nd:</subfield>
<subfield code="d">2017:</subfield>
<subfield code="c">&#1059;&#1083;&#1072;&#1085;-&#1059;&#1076;&#1101;, Russia)</subfield>
</datafield>
<datafield tag="880" ind1="1" ind2="0">
<subfield code="6">245-02/</subfield>
<subfield code="a">&#1040;&#1082;&#1090;&#1091;&#1072;&#1083;&#1100;&#1085;&#1099;&#1077; &#1074;&#1086;&#1087;&#1088;&#1086;&#1089;&#1099; &#1072;&#1088;&#1093;&#1077;&#1086;&#1083;&#1086;&#1075;&#1080;&#1080; &#1080; &#1101;&#1090;&#1085;&#1086;&#1083;&#1086;&#1075;&#1080;&#1080; &#1062;&#1077;&#1085;&#1090;&#1088;&#1072;&#1083;&#1100;&#1085;&#1086;&#1081; &#1040;&#1079;&#1080;&#1080; :</subfield>
<subfield code="b">&#1084;&#1072;&#1090;&#1077;&#1088;&#1080;&#1072;&#1083;&#1099; II &#1084;&#1077;&#1078;&#1076;&#1091;&#1085;&#1072;&#1088;&#1086;&#1076;&#1085;&#1086;&#1081; &#1085;&#1072;&#1091;&#1095;&#1085;&#1086;&#1081; &#1082;&#1086;&#1085;&#1092;&#1077;&#1088;&#1077;&#1085;&#1094;&#1080;&#1080;, &#1059;&#1083;&#1072;&#1085;-&#1059;&#1076;&#1101;, 7-8 &#1076;&#1077;&#1082;&#1072;&#1073;&#1088;&#1103; 2017 &#1075;. = Actual problems of archaeology and ethnology of Central Asia : Materials of the II iInternational conference (Ulan-Ude, 4-6th December, 2017) /</subfield>
<subfield code="c">&#1086;&#1090;&#1074;&#1077;&#1090;&#1089;&#1090;&#1074;&#1077;&#1085;&#1085;&#1099;&#1081; &#1088;&#1077;&#1076;&#1072;&#1082;&#1090;&#1086;&#1088;, &#1041;.&#1042;. &#1041;&#1072;&#1079;&#1072;&#1088;&#1086;&#1074;.</subfield>
</datafield>
<datafield tag="880" ind1=" " ind2="1">
<subfield code="6">264-03/</subfield>
<subfield code="a">&#1059;&#1083;&#1072;&#1085;-&#1059;&#1076;&#1101; :</subfield>
<subfield code="b">&#1048;&#1079;&#1076;-&#1074;&#1086; &#1041;&#1053;&#1062; &#1057;&#1054; &#1056;&#1040;&#1053;,</subfield>
<subfield code="c">2017.</subfield>
</datafield>
<datafield tag="880" ind1=" " ind2=" ">
<subfield code="6">500-04/</subfield>
<subfield code="a">"&#1053;&#1072;&#1091;&#1095;&#1085;&#1086;&#1077; &#1080;&#1079;&#1076;&#1072;&#1085;&#1080;&#1077;" -Colophon.</subfield>
</datafield>
<datafield tag="880" ind1=" " ind2=" ">
<subfield code="6">500-05/</subfield>
<subfield code="a">At head of title: "&#1060;&#1077;&#1076;&#1077;&#1088;&#1072;&#1083;&#1100;&#1085;&#1086;&#1077; &#1075;&#1086;&#1089;&#1091;&#1076;&#1072;&#1088;&#1089;&#1090;&#1074;&#1077;&#1085;&#1085;&#1086;&#1077; &#1073;&#1102;&#1076;&#1078;&#1077;&#1090;&#1085;&#1086;&#1077; &#1091;&#1095;&#1088;&#1077;&#1078;&#1076;&#1077;&#1085;&#1080;&#1077; &#1085;&#1072;&#1091;&#1082;&#1080;. &#1048;&#1085;&#1089;&#1090;&#1080;&#1090;&#1091;&#1090; &#1084;&#1086;&#1085;&#1075;&#1086;&#1083;&#1086;&#1074;&#1077;&#1076;&#1077;&#1085;&#1080;&#1103;, &#1073;&#1091;&#1076;&#1076;&#1086;&#1083;&#1086;&#1075;&#1080;&#1080; &#1080; &#1090;&#1080;&#1073;&#1077;&#1090;&#1086;&#1083;&#1086;&#1075;&#1080;&#1080; &#1057;&#1080;&#1073;&#1080;&#1088;&#1089;&#1082;&#1086;&#1075;&#1086; &#1086;&#1090;&#1076;&#1077;&#1083;&#1077;&#1085;&#1080;&#1103; &#1056;&#1086;&#1089;&#1089;&#1080;&#1081;&#1089;&#1082;&#1086;&#1081; &#1072;&#1082;&#1072;&#1076;&#1077;&#1084;&#1080;&#1080; &#1085;&#1072;&#1091;&#1082;."</subfield>
</datafield>
<datafield tag="880" ind1="1" ind2=" ">
<subfield code="6">700-06/</subfield>
<subfield code="a">&#1041;&#1072;&#1079;&#1072;&#1088;&#1086;&#1074;, &#1041;. &#1042;.,</subfield>
<subfield code="e">&#1077;ditor.</subfield>
</datafield>
<datafield tag="880" ind1="2" ind2=" ">
<subfield code="6">710-07/</subfield>
<subfield code="a">&#1048;&#1085;&#1089;&#1090;&#1080;&#1090;&#1091;&#1090; &#1084;&#1086;&#1085;&#1075;&#1086;&#1083;&#1086;&#1074;&#1077;&#1076;&#1077;&#1085;&#1080;&#1103;, &#1073;&#1091;&#1076;&#1076;&#1086;&#1083;&#1086;&#1075;&#1080;&#1080; &#1080; &#1090;&#1080;&#1073;&#1077;&#1090;&#1086;&#1083;&#1086;&#1075;&#1080;&#1080; (&#1056;&#1086;&#1089;&#1089;&#1080;&#1081;&#1089;&#1082;&#1072;&#1103; &#1072;&#1082;&#1072;&#1076;&#1077;&#1084;&#1080;&#1103; &#1085;&#1072;&#1091;&#1082;. &#1057;&#1080;&#1073;&#1080;&#1088;&#1089;&#1082;&#1086;&#1077; &#1086;&#1090;&#1076;&#1077;&#1083;&#1077;&#1085;&#1080;&#1077;),</subfield>
<subfield code="e">host institution.</subfield>
</datafield>
<datafield tag="OWN" ind1=" " ind2=" ">
<subfield code="a">GENERAL</subfield>
</datafield>
<datafield tag="AVA" ind1=" " ind2=" ">
<subfield code="a">NYU50</subfield>
<subfield code="b">NISAW</subfield>
<subfield code="c">Large Collection</subfield>
<subfield code="d">DS327.25 .M494 2017 Non-circulating</subfield>
<subfield code="e">unavailable</subfield>
<subfield code="t">Unavailable</subfield>
<subfield code="f">1</subfield>
<subfield code="g">1</subfield>
<subfield code="h">N</subfield>
<subfield code="i">0</subfield>
<subfield code="j">LARGE</subfield>
<subfield code="k">0</subfield>
</datafield>
</record>