<record xmlns="http://www.loc.gov/MARC21/slim" xmlns:xsi="http://www.w3.org/2001/XMLSchema-instance" xsi:schemaLocation="http://www.loc.gov/MARC21/slim http://www.loc.gov/standards/marcxml/schema/MARC21slim.xsd">
<leader>00000cam a22     Ii 4500</leader>
<controlfield tag="FMT">BK</controlfield>
<controlfield tag="LDR">00000cam a22     Ii 4500</controlfield>
<controlfield tag="001">006255196</controlfield>
<controlfield tag="005">20180726125719.0</controlfield>
<controlfield tag="008">180726t20172017ru ab    b    100 0 rus d</controlfield>
<datafield tag="020" ind1=" " ind2=" ">
<subfield code="a">9785804416424</subfield>
<subfield code="q">(paperback)</subfield>
</datafield>
<datafield tag="020" ind1=" " ind2=" ">
<subfield code="a">5804416421</subfield>
<subfield code="q">(paperback)</subfield>
</datafield>
<datafield tag="035" ind1=" " ind2=" ">
<subfield code="a">(OCoLC)1042562977</subfield>
</datafield>
<datafield tag="040" ind1=" " ind2=" ">
<subfield code="a">XFF</subfield>
<subfield code="b">eng</subfield>
<subfield code="e">rda</subfield>
<subfield code="c">XFF</subfield>
<subfield code="d">OCLCA</subfield>
<subfield code="d">ZYU</subfield>
</datafield>
<datafield tag="041" ind1="0" ind2=" ">
<subfield code="a">rus</subfield>
<subfield code="a">eng</subfield>
<subfield code="b">eng</subfield>
</datafield>
<datafield tag="043" ind1=" " ind2=" ">
<subfield code="a">ac-----</subfield>
<subfield code="a">me-----</subfield>
</datafield>
<datafield tag="050" ind1=" " ind2="4">
<subfield code="a">DS328</subfield>
<subfield code="b">.M493 2017</subfield>
</datafield>
<datafield tag="111" ind1="2" ind2=" ">
<subfield code="6">880-01</subfield>
<subfield code="a">Mezhdunarodny&#301; kongress srednevekovo&#301; arkheologii evrazi&#301;skikh stepe&#301; "Mezhdu Vostokom i Zapadom: dvizhenie kul&#697;tur, tekhnologi&#301; i imperi&#301;"</subfield>
<subfield code="n">(3rd ;</subfield>
<subfield code="d">2017 :</subfield>
<subfield code="c">Vladivostok, Russia)</subfield>
</datafield>
<datafield tag="245" ind1="1" ind2="0">
<subfield code="6">880-02</subfield>
<subfield code="a">Mezhdu Vostokom i Zapadom :</subfield>
<subfield code="b">dvizhenie kul&#697;tur, tekhnologi&#301; i imperi&#301; /</subfield>
<subfield code="c">Otv. red. N.N. Kradin, A.G. Sitdikov.</subfield>
</datafield>
<datafield tag="246" ind1="1" ind2="5">
<subfield code="a">Between East and West :</subfield>
<subfield code="b">the movement of cultures, technologies and impires</subfield>
</datafield>
<datafield tag="264" ind1=" " ind2="1">
<subfield code="6">880-03</subfield>
<subfield code="a">Vladivostok :</subfield>
<subfield code="b">Dal&#697;nauka,</subfield>
<subfield code="c">2017.</subfield>
</datafield>
<datafield tag="264" ind1=" " ind2="4">
<subfield code="c">&#169;2017</subfield>
</datafield>
<datafield tag="300" ind1=" " ind2=" ">
<subfield code="a">318 pages :</subfield>
<subfield code="b">illustrations, maps ;</subfield>
<subfield code="c">29 cm</subfield>
</datafield>
<datafield tag="336" ind1=" " ind2=" ">
<subfield code="a">text</subfield>
<subfield code="b">txt</subfield>
<subfield code="2">rdacontent</subfield>
</datafield>
<datafield tag="337" ind1=" " ind2=" ">
<subfield code="a">unmediated</subfield>
<subfield code="b">n</subfield>
<subfield code="2">rdamedia</subfield>
</datafield>
<datafield tag="338" ind1=" " ind2=" ">
<subfield code="a">volume</subfield>
<subfield code="b">nc</subfield>
<subfield code="2">rdacarrier</subfield>
</datafield>
<datafield tag="504" ind1=" " ind2=" ">
<subfield code="a">Includes bibliographical references.</subfield>
</datafield>
<datafield tag="546" ind1=" " ind2=" ">
<subfield code="a">Chiefly in Russian; 5 articles in English; summaries and content also in English.</subfield>
</datafield>
<datafield tag="500" ind1=" " ind2=" ">
<subfield code="6">880-04</subfield>
<subfield code="a">At head of title: "Dal&#697;nevostochnoe otdelenie RAN. Institut istorii, arkheologii i &#279;tnografii DVO RAN. Institut mongolovedenii&#865;a, buddologii i tibetologii SO RAN. Institut arkheologii im. A.KH. Khalikova AN Respubliki Tatarstan. Dal&#697;nevostochni&#301; federal&#697;nyi&#301; universitet."</subfield>
</datafield>
<datafield tag="650" ind1=" " ind2="0">
<subfield code="a">Excavations (Archaeology)</subfield>
<subfield code="z">Asia, Central</subfield>
<subfield code="v">Congresses.</subfield>
</datafield>
<datafield tag="650" ind1=" " ind2="0">
<subfield code="a">Excavations (Archaeology)</subfield>
<subfield code="z">Eurasia</subfield>
<subfield code="v">Congresses.</subfield>
</datafield>
<datafield tag="650" ind1=" " ind2="0">
<subfield code="a">Steppes</subfield>
<subfield code="z">Asia, Central</subfield>
<subfield code="v">Congresses.</subfield>
</datafield>
<datafield tag="650" ind1=" " ind2="0">
<subfield code="a">Steppes</subfield>
<subfield code="z">Eurasia</subfield>
<subfield code="v">Congresses.</subfield>
</datafield>
<datafield tag="650" ind1=" " ind2="0">
<subfield code="a">Nomads</subfield>
<subfield code="z">Asia, Central</subfield>
<subfield code="v">Congresses.</subfield>
</datafield>
<datafield tag="650" ind1=" " ind2="0">
<subfield code="a">Nomads</subfield>
<subfield code="z">Eurasia</subfield>
<subfield code="v">Congresses.</subfield>
</datafield>
<datafield tag="651" ind1=" " ind2="0">
<subfield code="a">Asia, Central</subfield>
<subfield code="x">Antiquities</subfield>
<subfield code="v">Congresses.</subfield>
</datafield>
<datafield tag="651" ind1=" " ind2="0">
<subfield code="a">Eurasia</subfield>
<subfield code="x">Antiquities</subfield>
<subfield code="v">Congresses.</subfield>
</datafield>
<datafield tag="700" ind1="1" ind2=" ">
<subfield code="6">880-05</subfield>
<subfield code="a">Kradin, N. N.,</subfield>
<subfield code="e">editor.</subfield>
</datafield>
<datafield tag="700" ind1="1" ind2=" ">
<subfield code="6">880-06</subfield>
<subfield code="a">Sitdikov, A. G.,</subfield>
<subfield code="e">editor.</subfield>
</datafield>
<datafield tag="710" ind1="2" ind2=" ">
<subfield code="6">880-07</subfield>
<subfield code="a">Rossi&#301;skai&#865;a akademii&#865;a nauk.</subfield>
<subfield code="b">Dal&#697;nevostochnoe otdelenie,</subfield>
<subfield code="e">sponsoring body.</subfield>
</datafield>
<datafield tag="710" ind1="2" ind2=" ">
<subfield code="6">880-08</subfield>
<subfield code="a">Institut istorii, arkheologii i &#279;tnografii narodov Dal&#697;nego Vostoka (Rossi&#301;skai&#865;a akademii&#865;a nauk),</subfield>
<subfield code="e">sponsoring body.</subfield>
</datafield>
<datafield tag="710" ind1="2" ind2=" ">
<subfield code="6">880-09</subfield>
<subfield code="a">Institut mongolovedenii&#865;a, buddologii i tibetologii (Rossi&#301;skai&#865;a akademii&#865;a nauk. Sibirskoe otdelenie),</subfield>
<subfield code="e">sponsoring body.</subfield>
</datafield>
<datafield tag="710" ind1="2" ind2=" ">
<subfield code="6">880-10</subfield>
<subfield code="a">Institut arkheologii AN RT,</subfield>
<subfield code="e">sponsoring body.</subfield>
</datafield>
<datafield tag="710" ind1="2" ind2=" ">
<subfield code="6">880-11</subfield>
<subfield code="a">Dal&#697;nevostochny&#301; federal&#697;ny&#301; universitet (Vladivostok, Russia),</subfield>
<subfield code="e">sponsoring body.</subfield>
</datafield>
<datafield tag="880" ind1="2" ind2=" ">
<subfield code="6">111-01/</subfield>
<subfield code="a">&#1052;&#1077;&#1078;&#1076;&#1091;&#1085;&#1072;&#1088;&#1086;&#1076;&#1085;&#1099;&#1081; &#1082;&#1086;&#1085;&#1075;&#1088;&#1077;&#1089;&#1089; &#1089;&#1088;&#1077;&#1076;&#1085;&#1077;&#1074;&#1077;&#1082;&#1086;&#1074;&#1086;&#1081; &#1072;&#1088;&#1093;&#1077;&#1086;&#1083;&#1086;&#1075;&#1080;&#1080; &#1077;&#1074;&#1088;&#1072;&#1079;&#1080;&#1081;&#1089;&#1082;&#1080;&#1093; &#1089;&#1090;&#1077;&#1087;&#1077;&#1081; "&#1052;&#1077;&#1078;&#1076;&#1091; &#1042;&#1086;&#1089;&#1090;&#1086;&#1082;&#1086;&#1084; &#1080; &#1047;&#1072;&#1087;&#1072;&#1076;&#1086;&#1084;: &#1076;&#1074;&#1080;&#1078;&#1077;&#1085;&#1080;&#1077; &#1082;&#1091;&#1083;&#1100;&#1090;&#1091;&#1088;, &#1090;&#1077;&#1093;&#1085;&#1086;&#1083;&#1086;&#1075;&#1080;&#1081; &#1080; &#1080;&#1084;&#1087;&#1077;&#1088;&#1080;&#1081;"</subfield>
<subfield code="n">(3rd ;</subfield>
<subfield code="d">2017 :</subfield>
<subfield code="c">&#1042;&#1083;&#1072;&#1076;&#1080;&#1074;&#1086;&#1089;&#1090;&#1086;&#1082;, &#1056;o&#1089;&#1089;&#1080;&#1103;)</subfield>
</datafield>
<datafield tag="880" ind1="1" ind2="0">
<subfield code="6">245-02/</subfield>
<subfield code="a">&#1052;&#1077;&#1078;&#1076;&#1091; &#1042;&#1086;&#1089;&#1090;&#1086;&#1082;&#1086;&#1084; &#1080; &#1047;&#1072;&#1087;&#1072;&#1076;&#1086;&#1084; :</subfield>
<subfield code="b">&#1076;&#1074;&#1080;&#1078;&#1077;&#1085;&#1080;&#1077; &#1082;&#1091;&#1083;&#1100;&#1090;&#1091;&#1088;, &#1090;&#1077;&#1093;&#1085;&#1086;&#1083;&#1086;&#1075;&#1080;&#1081; &#1080; &#1080;&#1084;&#1087;&#1077;&#1088;&#1080;&#1081; /</subfield>
<subfield code="c">&#1054;&#1090;&#1074;. &#1088;&#1077;&#1076;. &#1053;.&#1053;. &#1050;&#1088;&#1072;&#1076;&#1080;&#1085;, &#1040;.&#1043;. &#1057;&#1080;&#1090;&#1076;&#1080;&#1082;&#1086;&#1074;.</subfield>
</datafield>
<datafield tag="880" ind1=" " ind2="1">
<subfield code="6">264-03/</subfield>
<subfield code="a">&#1042;&#1083;&#1072;&#1076;&#1080;&#1074;&#1086;&#1089;&#1090;&#1086;&#1082; :</subfield>
<subfield code="b">&#1044;&#1072;&#1083;&#1100;&#1085;&#1072;&#1091;&#1082;&#1072;,</subfield>
<subfield code="c">2017.</subfield>
</datafield>
<datafield tag="880" ind1=" " ind2=" ">
<subfield code="6">500-04/</subfield>
<subfield code="a">At head of title: "&#1044;&#1072;&#1083;&#1100;&#1085;&#1077;&#1074;&#1086;&#1089;&#1090;&#1086;&#1095;&#1085;&#1086;&#1077; &#1086;&#1090;&#1076;&#1077;&#1083;&#1077;&#1085;&#1080;&#1077; &#1056;&#1040;&#1053;. &#1048;&#1085;&#1089;&#1090;&#1080;&#1090;&#1091;&#1090; &#1080;&#1089;&#1090;&#1086;&#1088;&#1080;&#1080;, &#1072;&#1088;&#1093;&#1077;&#1086;&#1083;&#1086;&#1075;&#1080;&#1080; &#1080; &#1101;&#1090;&#1085;&#1086;&#1075;&#1088;&#1072;&#1092;&#1080;&#1080; &#1044;&#1042;&#1054; &#1056;&#1040;&#1053;. &#1048;&#1085;&#1089;&#1090;&#1080;&#1090;&#1091;&#1090; &#1084;&#1086;&#1085;&#1075;&#1086;&#1083;&#1086;&#1074;&#1077;&#1076;&#1077;&#1085;&#1080;&#1103;, &#1073;&#1091;&#1076;&#1076;&#1086;&#1083;&#1086;&#1075;&#1080;&#1080; &#1080; &#1090;&#1080;&#1073;&#1077;&#1090;&#1086;&#1083;&#1086;&#1075;&#1080;&#1080; &#1057;&#1054; &#1056;&#1040;&#1053;. &#1048;&#1085;&#1089;&#1090;&#1080;&#1090;&#1091;&#1090; &#1072;&#1088;&#1093;&#1077;&#1086;&#1083;&#1086;&#1075;&#1080;&#1080; &#1080;&#1084;. &#1040;.&#1061;. &#1061;&#1072;&#1083;&#1080;&#1082;&#1086;&#1074;&#1072; &#1040;&#1053; &#1056;&#1077;&#1089;&#1087;&#1091;&#1073;&#1083;&#1080;&#1082;&#1080; &#1058;&#1072;&#1090;&#1072;&#1088;&#1089;&#1090;&#1072;&#1085;. &#1044;&#1072;&#1083;&#1100;&#1085;&#1077;&#1074;&#1086;&#1089;&#1090;&#1086;&#1095;&#1085;&#1080;&#1081; &#1092;&#1077;&#1076;&#1077;&#1088;&#1072;&#1083;&#1100;&#1085;&#1099;&#1080;&#1081; &#1091;&#1085;&#1080;&#1074;&#1077;&#1088;&#1089;&#1080;&#1090;&#1077;&#1090;."</subfield>
</datafield>
<datafield tag="880" ind1="1" ind2=" ">
<subfield code="6">700-05/</subfield>
<subfield code="a">&#1050;&#1088;&#1072;&#1076;&#1080;&#1085;, &#1053;. &#1053;.,</subfield>
<subfield code="e">editor.</subfield>
</datafield>
<datafield tag="880" ind1="1" ind2=" ">
<subfield code="6">700-06/</subfield>
<subfield code="a">&#1057;&#1080;&#1090;&#1076;&#1080;&#1082;&#1086;&#1074;, &#1040;. &#1043;.,</subfield>
<subfield code="e">editor,</subfield>
</datafield>
<datafield tag="880" ind1="2" ind2=" ">
<subfield code="6">710-07/</subfield>
<subfield code="a">&#1056;&#1086;&#1089;&#1089;&#1080;&#1081;&#1089;&#1082;&#1072;&#1103; &#1072;&#1082;&#1072;&#1076;&#1077;&#1084;&#1080;&#1103; &#1085;&#1072;&#1091;&#1082;.</subfield>
<subfield code="b">&#1044;&#1072;&#1083;&#1100;&#1085;&#1077;&#1074;&#1086;&#1089;&#1090;&#1086;&#1095;&#1085;&#1086;&#1077; &#1086;&#1090;&#1076;&#1077;&#1083;&#1077;&#1085;&#1080;&#1077;,</subfield>
<subfield code="e">stonsoring body.</subfield>
</datafield>
<datafield tag="880" ind1="2" ind2=" ">
<subfield code="6">710-08/</subfield>
<subfield code="a">&#1048;&#1085;&#1089;&#1090;&#1080;&#1090;&#1091;&#1090; &#1080;&#1089;&#1090;&#1086;&#1088;&#1080;&#1080;, &#1072;&#1088;&#1093;&#1077;&#1086;&#1083;&#1086;&#1075;&#1080;&#1080; &#1080; &#1101;&#1090;&#1085;&#1086;&#1075;&#1088;&#1072;&#1092;&#1080;&#1080; &#1085;&#1072;&#1088;&#1086;&#1076;&#1086;&#1074; &#1044;&#1072;&#1083;&#1100;&#1085;&#1077;&#1075;&#1086; &#1042;&#1086;&#1089;&#1090;&#1086;&#1082;&#1072; (&#1056;&#1086;&#1089;&#1089;&#1080;&#1081;&#1089;&#1082;&#1072;&#1103; &#1072;&#1082;&#1072;&#1076;&#1077;&#1084;&#1080;&#1103; &#1085;&#1072;&#1091;&#1082;),</subfield>
<subfield code="e">sponsoring body.</subfield>
</datafield>
<datafield tag="880" ind1="2" ind2=" ">
<subfield code="6">710-09/</subfield>
<subfield code="a">&#1048;&#1085;&#1089;&#1090;&#1080;&#1090;&#1091;&#1090; &#1084;&#1086;&#1085;&#1075;&#1086;&#1083;&#1086;&#1074;&#1077;&#1076;&#1077;&#1085;&#1080;&#1103;, &#1073;&#1091;&#1076;&#1076;&#1086;&#1083;&#1086;&#1075;&#1080;&#1080; &#1080; &#1090;&#1080;&#1073;&#1077;&#1090;&#1086;&#1083;&#1086;&#1075;&#1080;&#1080; (&#1056;&#1086;&#1089;&#1089;&#1080;&#1081;&#1089;&#1082;&#1072;&#1103; &#1072;&#1082;&#1072;&#1076;&#1077;&#1084;&#1080;&#1103; &#1085;&#1072;&#1091;&#1082;. &#1057;&#1080;&#1073;&#1080;&#1088;&#1089;&#1082;&#1086;&#1077; &#1086;&#1090;&#1076;&#1077;&#1083;&#1077;&#1085;&#1080;&#1077;)</subfield>
</datafield>
<datafield tag="880" ind1="2" ind2=" ">
<subfield code="6">710-10/</subfield>
<subfield code="a">&#1048;&#1085;&#1089;&#1090;&#1080;&#1090;&#1091;&#1090; &#1072;&#1088;&#1093;&#1077;&#1086;&#1083;&#1086;&#1075;&#1080;&#1080; &#1040;&#1053; &#1056;&#1058;.,</subfield>
<subfield code="e">sponsoring body.</subfield>
</datafield>
<datafield tag="880" ind1="2" ind2=" ">
<subfield code="6">710-11/</subfield>
<subfield code="a">&#1044;&#1072;&#1083;&#1100;&#1085;&#1077;&#1074;&#1086;&#1089;&#1090;&#1086;&#1095;&#1085;&#1099;&#1081; &#1092;&#1077;&#1076;&#1077;&#1088;&#1072;&#1083;&#1100;&#1085;&#1099;&#1081; &#1091;&#1085;&#1080;&#1074;&#1077;&#1088;&#1089;&#1080;&#1090;&#1077;&#1090; (&#1042;&#1083;&#1072;&#1076;&#1080;&#1074;&#1086;&#1089;&#1090;&#1086;&#1082;, &#1056;o&#1089;&#1089;&#1080;&#1103;),</subfield>
<subfield code="e">sponsoring body.</subfield>
</datafield>
<datafield tag="OWN" ind1=" " ind2=" ">
<subfield code="a">GENERAL</subfield>
</datafield>
<datafield tag="AVA" ind1=" " ind2=" ">
<subfield code="a">NYU50</subfield>
<subfield code="b">NISAW</subfield>
<subfield code="c">Large Collection</subfield>
<subfield code="d">DS328 .M493 2017 Non-circulating</subfield>
<subfield code="e">unavailable</subfield>
<subfield code="t">Unavailable</subfield>
<subfield code="f">1</subfield>
<subfield code="g">1</subfield>
<subfield code="h">N</subfield>
<subfield code="i">0</subfield>
<subfield code="j">LARGE</subfield>
<subfield code="k">0</subfield>
</datafield>
</record>