<record xmlns="http://www.loc.gov/MARC21/slim" xmlns:xsi="http://www.w3.org/2001/XMLSchema-instance" xsi:schemaLocation="http://www.loc.gov/MARC21/slim http://www.loc.gov/standards/marcxml/schema/MARC21slim.xsd">
<leader>00000cas a2200457 i 4500</leader>
<controlfield tag="FMT">SE</controlfield>
<controlfield tag="LDR">00000cas a2200457 i 4500</controlfield>
<controlfield tag="001">003912707</controlfield>
<controlfield tag="003">OCoLC</controlfield>
<controlfield tag="005">20151209153605.0</controlfield>
<controlfield tag="008">130816c20149999mnuqr p       0   a0eng</controlfield>
<datafield tag="010" ind1=" " ind2=" ">
<subfield code="a">2013203189</subfield>
</datafield>
<datafield tag="022" ind1="0" ind2=" ">
<subfield code="a">2330-5150</subfield>
<subfield code="2">1</subfield>
</datafield>
<datafield tag="035" ind1=" " ind2=" ">
<subfield code="a">(OCoLC)855911385</subfield>
</datafield>
<datafield tag="037" ind1=" " ind2=" ">
<subfield code="b">East View Press, 10601 Wayzata Blvd., Minneapolis, Minnesota 55305-1515</subfield>
</datafield>
<datafield tag="040" ind1=" " ind2=" ">
<subfield code="a">DLC</subfield>
<subfield code="c">DLC</subfield>
<subfield code="b">eng</subfield>
<subfield code="e">rda</subfield>
<subfield code="d">DLC</subfield>
<subfield code="d">HMY</subfield>
<subfield code="d">OCLCO</subfield>
<subfield code="d">ZCU</subfield>
<subfield code="d">ZYU</subfield>
<subfield code="d">NNU</subfield>
</datafield>
<datafield tag="042" ind1=" " ind2=" ">
<subfield code="a">pcc</subfield>
</datafield>
<datafield tag="043" ind1=" " ind2=" ">
<subfield code="a">a-cc---</subfield>
</datafield>
<datafield tag="050" ind1="1" ind2="0">
<subfield code="a">ISSN RECORD</subfield>
</datafield>
<datafield tag="050" ind1="1" ind2="4">
<subfield code="a">N7340</subfield>
<subfield code="b">.C45</subfield>
</datafield>
<datafield tag="079" ind1=" " ind2=" ">
<subfield code="a">(OCoLC)855911385</subfield>
</datafield>
<datafield tag="130" ind1="0" ind2=" ">
<subfield code="a">Chinese cultural relics (Minneapolis, Minn. : Print)</subfield>
</datafield>
<datafield tag="245" ind1="1" ind2="0">
<subfield code="a">Chinese cultural relics</subfield>
</datafield>
<datafield tag="263" ind1=" " ind2=" ">
<subfield code="a">201403</subfield>
</datafield>
<datafield tag="264" ind1=" " ind2="1">
<subfield code="a">Minneapolis, MN :</subfield>
<subfield code="b">East View Press,</subfield>
<subfield code="c">[2014]-</subfield>
</datafield>
<datafield tag="300" ind1=" " ind2=" ">
<subfield code="a">volumes :</subfield>
<subfield code="b">illustrations ;</subfield>
<subfield code="c">26 cm</subfield>
</datafield>
<datafield tag="310" ind1=" " ind2=" ">
<subfield code="a">Quarterly</subfield>
</datafield>
<datafield tag="336" ind1=" " ind2=" ">
<subfield code="a">text</subfield>
<subfield code="b">txt</subfield>
<subfield code="2">rdacontent</subfield>
</datafield>
<datafield tag="337" ind1=" " ind2=" ">
<subfield code="a">unmediated</subfield>
<subfield code="b">n</subfield>
<subfield code="2">rdamedia</subfield>
</datafield>
<datafield tag="338" ind1=" " ind2=" ">
<subfield code="a">volume</subfield>
<subfield code="b">nc</subfield>
<subfield code="2">rdacarrier</subfield>
</datafield>
<datafield tag="362" ind1="1" ind2=" ">
<subfield code="a">Began with: Volume 1, number 1 (2014).</subfield>
</datafield>
<datafield tag="588" ind1=" " ind2=" ">
<subfield code="a">Description based on: Volume 1, number 1 (2014); title from title page.</subfield>
</datafield>
<datafield tag="588" ind1=" " ind2=" ">
<subfield code="a">Latest issue consulted: Volume 1, number 1 (2014).</subfield>
</datafield>
<datafield tag="650" ind1=" " ind2="0">
<subfield code="a">Art, Chinese</subfield>
<subfield code="v">Periodicals.</subfield>
</datafield>
<datafield tag="650" ind1=" " ind2="0">
<subfield code="a">Excavations (Archaeology)</subfield>
<subfield code="z">China</subfield>
<subfield code="v">Periodicals.</subfield>
</datafield>
<datafield tag="651" ind1=" " ind2="0">
<subfield code="a">China</subfield>
<subfield code="x">Antiquities</subfield>
<subfield code="v">Periodicals.</subfield>
</datafield>
<datafield tag="775" ind1="0" ind2=" ">
<subfield code="t">Wen wu (1959)</subfield>
<subfield code="x">0511-4772</subfield>
<subfield code="w">(DLC)sn 90001927</subfield>
<subfield code="w">(OCoLC)8101360</subfield>
</datafield>
<datafield tag="776" ind1="1" ind2="8">
<subfield code="i">Online version:</subfield>
<subfield code="t">Chinese cultural relics (Minneapolis, Minn. : Online)</subfield>
<subfield code="x">2330-5169</subfield>
<subfield code="w">(DLC) 2013203190</subfield>
<subfield code="w">(OCoLC)855910469</subfield>
</datafield>
<datafield tag="OWN" ind1=" " ind2=" ">
<subfield code="a">GENERAL</subfield>
</datafield>
<datafield tag="966" ind1="4" ind2="1">
<subfield code="l">IFA</subfield>
<subfield code="d">Asian Periodicals</subfield>
<subfield code="e">1502</subfield>
<subfield code="j">1-</subfield>
<subfield code="k">2014-</subfield>
</datafield>
<datafield tag="AVA" ind1=" " ind2=" ">
<subfield code="a">NYU50</subfield>
<subfield code="b">NIFA</subfield>
<subfield code="c">Asian Periodicals</subfield>
<subfield code="e">check_holdings</subfield>
<subfield code="t">Check Holdings</subfield>
<subfield code="h">Y</subfield>
<subfield code="j">ASIAP</subfield>
</datafield>
<datafield tag="AVA" ind1=" " ind2=" ">
<subfield code="a">NYU50</subfield>
<subfield code="b">NISAW</subfield>
<subfield code="c">Library 6</subfield>
<subfield code="d">DS715 .C455 Non-circulating</subfield>
<subfield code="e">available</subfield>
<subfield code="t">Available</subfield>
<subfield code="f">7</subfield>
<subfield code="g">0</subfield>
<subfield code="h">Y</subfield>
<subfield code="i">0</subfield>
<subfield code="j">LIB6</subfield>
<subfield code="k">0</subfield>
</datafield>
</record>