<record xmlns="http://www.loc.gov/MARC21/slim" xmlns:xsi="http://www.w3.org/2001/XMLSchema-instance" xsi:schemaLocation="http://www.loc.gov/MARC21/slim http://www.loc.gov/standards/marcxml/schema/MARC21slim.xsd">
<leader>00000cas a2201045 a 4500</leader>
<controlfield tag="FMT">SE</controlfield>
<controlfield tag="LDR">00000cas a2201045 a 4500</controlfield>
<controlfield tag="001">001825873</controlfield>
<controlfield tag="003">OCoLC</controlfield>
<controlfield tag="005">20150722164713.0</controlfield>
<controlfield tag="008">820128c19599999cc mr p      f0   e0chi c</controlfield>
<datafield tag="010" ind1=" " ind2=" ">
<subfield code="a">sn 90001927</subfield>
</datafield>
<datafield tag="016" ind1="7" ind2=" ">
<subfield code="a">100970135</subfield>
<subfield code="2">DNLM</subfield>
</datafield>
<datafield tag="022" ind1=" " ind2=" ">
<subfield code="a">0511-4772</subfield>
<subfield code="l">0511-4772</subfield>
<subfield code="2">z</subfield>
</datafield>
<datafield tag="035" ind1=" " ind2=" ">
<subfield code="a">(OCoLC)8101360</subfield>
</datafield>
<datafield tag="035" ind1=" " ind2=" ">
<subfield code="a">(NNU)NYUb10760641</subfield>
</datafield>
<datafield tag="035" ind1=" " ind2=" ">
<subfield code="a">(NNU)GLIS007606417</subfield>
</datafield>
<datafield tag="035" ind1=" " ind2=" ">
<subfield code="a">(CStRLIN)NYUG89-S6455</subfield>
</datafield>
<datafield tag="035" ind1=" " ind2=" ">
<subfield code="a">(NYU)NYUb10760641</subfield>
</datafield>
<datafield tag="035" ind1="9" ind2=" ">
<subfield code="a">NYUb10760641</subfield>
</datafield>
<datafield tag="037" ind1=" " ind2=" ">
<subfield code="a">M85</subfield>
<subfield code="b">Zhongguo guo ji tu shu mao yi zong gong si, P.O. Box 399, Peking, China</subfield>
</datafield>
<datafield tag="040" ind1=" " ind2=" ">
<subfield code="a">IUL</subfield>
<subfield code="b">eng</subfield>
<subfield code="c">IUL</subfield>
<subfield code="d">AIP</subfield>
<subfield code="d">NSD</subfield>
<subfield code="d">NST</subfield>
<subfield code="d">UMC</subfield>
<subfield code="d">NLM</subfield>
<subfield code="d">OCLCQ</subfield>
<subfield code="d">MUQ</subfield>
<subfield code="d">DLC</subfield>
<subfield code="d">OCLCQ</subfield>
<subfield code="d">CUS</subfield>
<subfield code="d">OCLCQ</subfield>
<subfield code="d">ORZ</subfield>
<subfield code="d">CUS</subfield>
<subfield code="d">OCLCO</subfield>
<subfield code="d">OCLCF</subfield>
</datafield>
<datafield tag="041" ind1="0" ind2=" ">
<subfield code="a">chi</subfield>
<subfield code="b">eng</subfield>
<subfield code="f">eng</subfield>
</datafield>
<datafield tag="042" ind1=" " ind2=" ">
<subfield code="a">nsdp</subfield>
<subfield code="a">pcc</subfield>
</datafield>
<datafield tag="043" ind1=" " ind2=" ">
<subfield code="a">a-cc---</subfield>
</datafield>
<datafield tag="050" ind1="0" ind2="0">
<subfield code="a">DS715</subfield>
<subfield code="b">.W44</subfield>
</datafield>
<datafield tag="066" ind1=" " ind2=" ">
<subfield code="c">$1</subfield>
</datafield>
<datafield tag="079" ind1=" " ind2=" ">
<subfield code="a">(OCoLC)8101360</subfield>
</datafield>
<datafield tag="130" ind1="0" ind2=" ">
<subfield code="6">880-01</subfield>
<subfield code="a">Wen wu (1959)</subfield>
</datafield>
<datafield tag="210" ind1="0" ind2=" ">
<subfield code="a">Wenwu</subfield>
</datafield>
<datafield tag="222" ind1=" " ind2="0">
<subfield code="a">Wenwu</subfield>
</datafield>
<datafield tag="245" ind1="0" ind2="0">
<subfield code="6">880-02</subfield>
<subfield code="a">Wen wu.</subfield>
</datafield>
<datafield tag="246" ind1="1" ind2="3">
<subfield code="a">Cultural relics</subfield>
<subfield code="f">1974-</subfield>
</datafield>
<datafield tag="246" ind1="1" ind2=" ">
<subfield code="i">Issues for 1981- have parallel title in pinyin:</subfield>
<subfield code="a">Wenwu</subfield>
</datafield>
<datafield tag="260" ind1=" " ind2=" ">
<subfield code="6">880-03</subfield>
<subfield code="a">Beijing :</subfield>
<subfield code="b">Wen wu chu ban she,</subfield>
<subfield code="c">1959-</subfield>
</datafield>
<datafield tag="300" ind1=" " ind2=" ">
<subfield code="a">v. :</subfield>
<subfield code="b">ill. ;</subfield>
<subfield code="c">26 cm.</subfield>
</datafield>
<datafield tag="310" ind1=" " ind2=" ">
<subfield code="a">Monthly</subfield>
</datafield>
<datafield tag="362" ind1="0" ind2=" ">
<subfield code="6">880-04</subfield>
<subfield code="a">1959 nian, di 1 qi-</subfield>
</datafield>
<datafield tag="500" ind1=" " ind2=" ">
<subfield code="a">Title from cover.</subfield>
</datafield>
<datafield tag="515" ind1=" " ind2=" ">
<subfield code="a">Issues for 1959 nian, di 1 qi- also called zong 101 hao.</subfield>
</datafield>
<datafield tag="515" ind1=" " ind2=" ">
<subfield code="a">Publication suspended 1967-1971.</subfield>
</datafield>
<datafield tag="546" ind1=" " ind2=" ">
<subfield code="a">Issues for 1973, 7- have table of contents also in English; some issues have summaries of some of the articles in English.</subfield>
</datafield>
<datafield tag="588" ind1=" " ind2=" ">
<subfield code="a">Latest issue consulted: 2007, 11.</subfield>
</datafield>
<datafield tag="500" ind1=" " ind2=" ">
<subfield code="a">ISAW copy is from the library of James Watt.</subfield>
<subfield code="5">NyNyUAW</subfield>
</datafield>
<datafield tag="500" ind1=" " ind2=" ">
<subfield code="a">ISAW copy is the gift of David N. Keightley.</subfield>
<subfield code="5">NyNyUAW</subfield>
</datafield>
<datafield tag="651" ind1=" " ind2="0">
<subfield code="a">China</subfield>
<subfield code="x">Antiquities</subfield>
<subfield code="v">Periodicals.</subfield>
</datafield>
<datafield tag="650" ind1=" " ind2="7">
<subfield code="a">Antiquities.</subfield>
<subfield code="2">fast</subfield>
<subfield code="0">(OCoLC)fst00810745</subfield>
</datafield>
<datafield tag="651" ind1=" " ind2="7">
<subfield code="a">China.</subfield>
<subfield code="2">fast</subfield>
<subfield code="0">(OCoLC)fst01206073</subfield>
</datafield>
<datafield tag="655" ind1=" " ind2="7">
<subfield code="a">Periodicals.</subfield>
<subfield code="2">fast</subfield>
<subfield code="0">(OCoLC)fst01411641</subfield>
</datafield>
<datafield tag="710" ind1="1" ind2=" ">
<subfield code="6">880-05</subfield>
<subfield code="a">China.</subfield>
<subfield code="b">Guo jia wen wu ju.</subfield>
</datafield>
<datafield tag="710" ind1="2" ind2=" ">
<subfield code="6">880-06</subfield>
<subfield code="a">Wen wu chu ban she.</subfield>
</datafield>
<datafield tag="700" ind1="1" ind2=" ">
<subfield code="a">Watt, James C. Y.,</subfield>
<subfield code="e">former owner.</subfield>
<subfield code="5">NyNyUAW</subfield>
</datafield>
<datafield tag="700" ind1="1" ind2=" ">
<subfield code="a">Keightley, David N.,</subfield>
<subfield code="e">donor.</subfield>
<subfield code="5">NyNyUAW</subfield>
</datafield>
<datafield tag="740" ind1="0" ind2=" ">
<subfield code="a">Watt Collection.</subfield>
<subfield code="5">NyNyUAW</subfield>
</datafield>
<datafield tag="740" ind1="0" ind2=" ">
<subfield code="a">Keightley Collection.</subfield>
<subfield code="5">NyNyUAW</subfield>
</datafield>
<datafield tag="776" ind1="1" ind2=" ">
<subfield code="t">Wen wu (1959 : Online)</subfield>
<subfield code="w">(OCoLC)57564224</subfield>
</datafield>
<datafield tag="776" ind1="0" ind2="8">
<subfield code="i">Online version:</subfield>
<subfield code="t">Wen wu (1959 : Online)</subfield>
<subfield code="w">(OCoLC)57564224</subfield>
</datafield>
<datafield tag="780" ind1="0" ind2="0">
<subfield code="6">880-07</subfield>
<subfield code="t">Wen wu can kao zi liao</subfield>
<subfield code="w">(OCoLC)18030125</subfield>
</datafield>
<datafield tag="880" ind1="0" ind2=" ">
<subfield code="6">130-01/</subfield>
<subfield code="a">&#25991;&#29289; (1959)</subfield>
</datafield>
<datafield tag="880" ind1="0" ind2="0">
<subfield code="6">245-02/</subfield>
<subfield code="a">&#25991;&#29289;.</subfield>
</datafield>
<datafield tag="880" ind1=" " ind2=" ">
<subfield code="6">260-03/</subfield>
<subfield code="a">&#21271;&#20140; :</subfield>
<subfield code="b">&#25991;&#29289;&#20986;&#29256;&#31038;,</subfield>
<subfield code="c">1959-</subfield>
</datafield>
<datafield tag="880" ind1="0" ind2=" ">
<subfield code="6">362-04/</subfield>
<subfield code="a">1959&#24180;, &#31532;1&#26399;-</subfield>
</datafield>
<datafield tag="880" ind1="1" ind2=" ">
<subfield code="6">710-05/</subfield>
<subfield code="a">China.</subfield>
<subfield code="b">&#22269;&#23478;&#25991;&#29289;&#23616;.</subfield>
</datafield>
<datafield tag="880" ind1="2" ind2=" ">
<subfield code="6">710-06/</subfield>
<subfield code="a">&#25991;&#29289;&#20986;&#29256;&#31038;.</subfield>
</datafield>
<datafield tag="880" ind1="0" ind2="0">
<subfield code="6">780-07/</subfield>
<subfield code="t">&#25991;&#29289;&#21443;&#32771;&#36039;&#26009;</subfield>
<subfield code="w">(OCoLC)18030125</subfield>
</datafield>
<datafield tag="866" ind1="4" ind2="1">
<subfield code="l">IFA</subfield>
<subfield code="d">Asian Periodicals</subfield>
<subfield code="e">1304</subfield>
<subfield code="k">1984-1996, 1998-</subfield>
</datafield>
<datafield tag="866" ind1="4" ind2="1">
<subfield code="l">IFA</subfield>
<subfield code="d">Offsite</subfield>
<subfield code="e">1304</subfield>
<subfield code="k">1959, 1961-1965, 1966:2-5, 1972-1984</subfield>
</datafield>
<datafield tag="OWN" ind1=" " ind2=" ">
<subfield code="a">GENERAL</subfield>
</datafield>
<datafield tag="987" ind1=" " ind2=" ">
<subfield code="a">PINYIN</subfield>
<subfield code="b">CStRLIN</subfield>
<subfield code="c">20010131</subfield>
<subfield code="d">c</subfield>
<subfield code="e">1.1</subfield>
</datafield>
<datafield tag="AVA" ind1=" " ind2=" ">
<subfield code="a">NYU50</subfield>
<subfield code="b">NIFA</subfield>
<subfield code="c">Asian Periodicals</subfield>
<subfield code="d">Non-circulating</subfield>
<subfield code="e">check_holdings</subfield>
<subfield code="t">Check Holdings</subfield>
<subfield code="h">Y</subfield>
<subfield code="j">ASIAP</subfield>
</datafield>
<datafield tag="AVA" ind1=" " ind2=" ">
<subfield code="a">NYU50</subfield>
<subfield code="b">NISAW</subfield>
<subfield code="c">Library 6</subfield>
<subfield code="d">DS715 .W439 Non-circulating</subfield>
<subfield code="e">check_holdings</subfield>
<subfield code="t">Check Holdings</subfield>
<subfield code="h">Y</subfield>
<subfield code="j">LIB6</subfield>
<subfield code="k">0</subfield>
</datafield>
</record>