<record xmlns="http://www.loc.gov/MARC21/slim" xmlns:xsi="http://www.w3.org/2001/XMLSchema-instance" xsi:schemaLocation="http://www.loc.gov/MARC21/slim http://www.loc.gov/standards/marcxml/schema/MARC21slim.xsd">
<leader>00000cam a2200517 i 4500</leader>
<controlfield tag="FMT">BK</controlfield>
<controlfield tag="LDR">00000cam a2200517 i 4500</controlfield>
<controlfield tag="001">006253305</controlfield>
<controlfield tag="003">OCoLC</controlfield>
<controlfield tag="005">20180720123131.0</controlfield>
<controlfield tag="008">180720t20182018enkab    b    001 0 eng c</controlfield>
<datafield tag="010" ind1=" " ind2=" ">
<subfield code="a">2017057298</subfield>
</datafield>
<datafield tag="020" ind1=" " ind2=" ">
<subfield code="a">9781107197619</subfield>
<subfield code="q">hardcover</subfield>
<subfield code="q">alkaline paper</subfield>
</datafield>
<datafield tag="020" ind1=" " ind2=" ">
<subfield code="a">1107197619</subfield>
<subfield code="q">hardcover</subfield>
<subfield code="q">alkaline paper</subfield>
</datafield>
<datafield tag="035" ind1=" " ind2=" ">
<subfield code="a">(OCoLC)1037883974</subfield>
<subfield code="z">(OCoLC)1017589624</subfield>
<subfield code="z">(OCoLC)1038250206</subfield>
</datafield>
<datafield tag="040" ind1=" " ind2=" ">
<subfield code="a">LBSOR/DLC</subfield>
<subfield code="b">eng</subfield>
<subfield code="e">rda</subfield>
<subfield code="c">DLC</subfield>
<subfield code="d">YDX</subfield>
<subfield code="d">OCLCO</subfield>
<subfield code="d">ERASA</subfield>
<subfield code="d">OCLCF</subfield>
<subfield code="d">ZWZ</subfield>
<subfield code="d">YDX</subfield>
<subfield code="d">GUA</subfield>
</datafield>
<datafield tag="042" ind1=" " ind2=" ">
<subfield code="a">pcc</subfield>
</datafield>
<datafield tag="043" ind1=" " ind2=" ">
<subfield code="a">a-cc---</subfield>
</datafield>
<datafield tag="050" ind1="0" ind2="0">
<subfield code="a">DS744.2</subfield>
<subfield code="b">.C36 2018</subfield>
</datafield>
<datafield tag="082" ind1="0" ind2="0">
<subfield code="a">931/.18</subfield>
<subfield code="2">23</subfield>
</datafield>
<datafield tag="100" ind1="1" ind2=" ">
<subfield code="a">Campbell, Roderick</subfield>
<subfield code="q">(Roderick B.),</subfield>
<subfield code="e">author.</subfield>
</datafield>
<datafield tag="245" ind1="1" ind2="0">
<subfield code="a">Violence, kinship and the early Chinese state :</subfield>
<subfield code="b">the Shang and their world /</subfield>
<subfield code="c">Roderick Campbell.</subfield>
</datafield>
<datafield tag="264" ind1=" " ind2="1">
<subfield code="a">Cambridge, United Kingdom ;</subfield>
<subfield code="a">New York, NY :</subfield>
<subfield code="b">Cambridge University Press,</subfield>
<subfield code="c">2018.</subfield>
</datafield>
<datafield tag="264" ind1=" " ind2="4">
<subfield code="c">&#169;2018</subfield>
</datafield>
<datafield tag="300" ind1=" " ind2=" ">
<subfield code="a">331</subfield>
<subfield code="c">24 cm</subfield>
</datafield>
<datafield tag="336" ind1=" " ind2=" ">
<subfield code="a">text</subfield>
<subfield code="b">txt</subfield>
<subfield code="2">rdacontent</subfield>
</datafield>
<datafield tag="337" ind1=" " ind2=" ">
<subfield code="a">unmediated</subfield>
<subfield code="b">n</subfield>
<subfield code="2">rdamedia</subfield>
</datafield>
<datafield tag="338" ind1=" " ind2=" ">
<subfield code="a">volume</subfield>
<subfield code="b">nc</subfield>
<subfield code="2">rdacarrier</subfield>
</datafield>
<datafield tag="520" ind1=" " ind2=" ">
<subfield code="a">"Violence, Kinship and the Early Chinese State The Shang and their World Situated between myth and history, the Shang has been hailed both as China's first historical dynasty and as one of the world's primary civilizations. This book is an up-to-date synthesis of the archaeological, palaeographic and transmitted textual evidence for the Shang polity at Anyang (ca. 1250-1050 BCE). Roderick Campbell argues that violence was not the antithesis of civilization at Shang Anyang, but rather its foundation in war and sacrifice. He explores the social economy of practices and beliefs that produced the ancestral order of the Shang polity. From the authority of posthumously deified kings, to the animalization of human sacrificial victims, the ancestral ritual complex structured the Shang world through its key institutions of war, sacrifice, and burial. Mediated by hierarchical lineages, participation in these practices was basic to being Shang. This volume, which is based on the most up-to-date evidence, offers comprehensive and cutting-edge insight into the Chinese Bronze Age civilization"--</subfield>
<subfield code="c">Provided by publisher.</subfield>
</datafield>
<datafield tag="504" ind1=" " ind2=" ">
<subfield code="a">Includes bibliographical references and index.</subfield>
</datafield>
<datafield tag="505" ind1="0" ind2=" ">
<subfield code="a">Being, society and world : towards an inter-ontic approach : Shang civilization, historiography and early China -- Cities, states and civilizations -- Central plains civilization from Erlitou to Anyang -- The great settlement Shang and its polity : networks, boundaries and the social economy -- Kinship, place and social order -- Violence and Shang civilization -- Constructing the ancestors : the social economy of burial -- Technologies of pacification and the world of the great settlement Shang.</subfield>
</datafield>
<datafield tag="651" ind1=" " ind2="0">
<subfield code="a">China</subfield>
<subfield code="x">History</subfield>
<subfield code="y">Shang dynasty, 1766-1122 B.C.</subfield>
</datafield>
<datafield tag="650" ind1=" " ind2="0">
<subfield code="a">Violence</subfield>
<subfield code="x">Social aspects</subfield>
<subfield code="z">China</subfield>
<subfield code="x">History</subfield>
<subfield code="y">To 1500.</subfield>
</datafield>
<datafield tag="650" ind1=" " ind2="0">
<subfield code="a">Kinship</subfield>
<subfield code="z">China</subfield>
<subfield code="x">History.</subfield>
</datafield>
<datafield tag="651" ind1=" " ind2="0">
<subfield code="a">China</subfield>
<subfield code="x">Civilization</subfield>
<subfield code="y">To 221 B.C.</subfield>
</datafield>
<datafield tag="650" ind1=" " ind2="7">
<subfield code="a">Civilization.</subfield>
<subfield code="2">fast</subfield>
<subfield code="0">(OCoLC)fst00862898</subfield>
</datafield>
<datafield tag="650" ind1=" " ind2="7">
<subfield code="a">Kinship.</subfield>
<subfield code="2">fast</subfield>
<subfield code="0">(OCoLC)fst00987769</subfield>
</datafield>
<datafield tag="650" ind1=" " ind2="7">
<subfield code="a">Shang Dynasty (China)</subfield>
<subfield code="2">fast</subfield>
<subfield code="0">(OCoLC)fst01696775</subfield>
</datafield>
<datafield tag="650" ind1=" " ind2="7">
<subfield code="a">Violence</subfield>
<subfield code="x">Social aspects.</subfield>
<subfield code="2">fast</subfield>
<subfield code="0">(OCoLC)fst01167262</subfield>
</datafield>
<datafield tag="651" ind1=" " ind2="7">
<subfield code="a">China.</subfield>
<subfield code="2">fast</subfield>
<subfield code="0">(OCoLC)fst01206073</subfield>
</datafield>
<datafield tag="648" ind1=" " ind2="7">
<subfield code="a">To 1500</subfield>
<subfield code="2">fast</subfield>
</datafield>
<datafield tag="655" ind1=" " ind2="7">
<subfield code="a">History.</subfield>
<subfield code="2">fast</subfield>
<subfield code="0">(OCoLC)fst01411628</subfield>
</datafield>
<datafield tag="994" ind1=" " ind2=" ">
<subfield code="a">Z0</subfield>
<subfield code="b">ZYU</subfield>
</datafield>
<datafield tag="OWN" ind1=" " ind2=" ">
<subfield code="a">GENERAL</subfield>
</datafield>
<datafield tag="AVA" ind1=" " ind2=" ">
<subfield code="a">NYU50</subfield>
<subfield code="b">NISAW</subfield>
<subfield code="c">Small Collection</subfield>
<subfield code="d">DS744.2 .C36 2018</subfield>
<subfield code="e">available</subfield>
<subfield code="t">Available</subfield>
<subfield code="f">1</subfield>
<subfield code="g">0</subfield>
<subfield code="h">N</subfield>
<subfield code="i">0</subfield>
<subfield code="j">SMALL</subfield>
<subfield code="k">0</subfield>
</datafield>
</record>