<record xmlns="http://www.loc.gov/MARC21/slim" xmlns:xsi="http://www.w3.org/2001/XMLSchema-instance" xsi:schemaLocation="http://www.loc.gov/MARC21/slim http://www.loc.gov/standards/marcxml/schema/MARC21slim.xsd">
<leader>00000cam a2200469Ii 4500</leader>
<controlfield tag="FMT">BK</controlfield>
<controlfield tag="LDR">00000cam a2200469Ii 4500</controlfield>
<controlfield tag="001">005894429</controlfield>
<controlfield tag="003">OCoLC</controlfield>
<controlfield tag="005">20180730133233.0</controlfield>
<controlfield tag="008">170529s2017    ua ab    b    001 0 fre d</controlfield>
<datafield tag="020" ind1=" " ind2=" ">
<subfield code="a">9782724707069</subfield>
<subfield code="q">hardback</subfield>
</datafield>
<datafield tag="020" ind1=" " ind2=" ">
<subfield code="a">2724707060</subfield>
<subfield code="q">hardback</subfield>
</datafield>
<datafield tag="035" ind1="7" ind2=" ">
<subfield code="a">leil89370</subfield>
</datafield>
<datafield tag="035" ind1=" " ind2=" ">
<subfield code="a">(OCoLC)988316990</subfield>
</datafield>
<datafield tag="040" ind1=" " ind2=" ">
<subfield code="a">AUXAM</subfield>
<subfield code="b">eng</subfield>
<subfield code="e">rda</subfield>
<subfield code="c">AUXAM</subfield>
<subfield code="d">IXA</subfield>
<subfield code="d">OCLCF</subfield>
<subfield code="d">CLE</subfield>
<subfield code="d">MEAUC</subfield>
<subfield code="d">WAU</subfield>
<subfield code="d">ZYU</subfield>
</datafield>
<datafield tag="043" ind1=" " ind2=" ">
<subfield code="a">f-ua---</subfield>
<subfield code="a">mr-----</subfield>
</datafield>
<datafield tag="050" ind1=" " ind2="4">
<subfield code="a">DT60</subfield>
<subfield code="b">.T35 2017</subfield>
</datafield>
<datafield tag="079" ind1=" " ind2=" ">
<subfield code="a">(OCoLC)988316990</subfield>
</datafield>
<datafield tag="082" ind1=" " ind2="4">
<subfield code="a">930</subfield>
</datafield>
<datafield tag="090" ind1=" " ind2=" ">
<subfield code="a">DT57</subfield>
<subfield code="b">.F8 t.136</subfield>
</datafield>
<datafield tag="100" ind1="1" ind2=" ">
<subfield code="a">Tallet, Pierre,</subfield>
<subfield code="d">1966-</subfield>
<subfield code="e">author.</subfield>
</datafield>
<datafield tag="245" ind1="1" ind2="4">
<subfield code="a">Les papyrus de la mer Rouge.</subfield>
<subfield code="n">1,</subfield>
<subfield code="p">Le "journal de Merer" (Papyrus Jarf A et B) /</subfield>
<subfield code="c">Pierre Tallet.</subfield>
</datafield>
<datafield tag="246" ind1="3" ind2="0">
<subfield code="a">Journal de Merer (Papyrus Jarf A et B)</subfield>
</datafield>
<datafield tag="264" ind1=" " ind2="1">
<subfield code="a">Le Caire :</subfield>
<subfield code="b">Institut fran&#231;ais d'arch&#233;ologie orientale,</subfield>
<subfield code="c">2017.</subfield>
</datafield>
<datafield tag="300" ind1=" " ind2=" ">
<subfield code="a">176 pages :</subfield>
<subfield code="b">illustrations (some color), maps ;</subfield>
<subfield code="c">33 cm. +</subfield>
<subfield code="e">4 folded charts.</subfield>
</datafield>
<datafield tag="336" ind1=" " ind2=" ">
<subfield code="a">text</subfield>
<subfield code="b">txt</subfield>
<subfield code="2">rdacontent</subfield>
</datafield>
<datafield tag="337" ind1=" " ind2=" ">
<subfield code="a">unmediated</subfield>
<subfield code="b">n</subfield>
<subfield code="2">rdamedia</subfield>
</datafield>
<datafield tag="338" ind1=" " ind2=" ">
<subfield code="a">volume</subfield>
<subfield code="b">nc</subfield>
<subfield code="2">rdacarrier</subfield>
</datafield>
<datafield tag="490" ind1="1" ind2=" ">
<subfield code="a">MIFAO,</subfield>
<subfield code="x">0257-411X ;</subfield>
<subfield code="v">136</subfield>
</datafield>
<datafield tag="500" ind1=" " ind2=" ">
<subfield code="a">Pages 164-176 in Arabic read right to left at the end of the book.</subfield>
</datafield>
<datafield tag="546" ind1=" " ind2=" ">
<subfield code="a">In French, with translation of appendix into English and Arabic.</subfield>
</datafield>
<datafield tag="504" ind1=" " ind2=" ">
<subfield code="a">Includes bibliographical references (pages [141]-147) and indexes.</subfield>
</datafield>
<datafield tag="520" ind1=" " ind2=" ">
<subfield code="a">The Ouadi el-Jarf site, excavated since 2011, is a port on the Red Sea that was used at the beginning of the 4th Dynasty to go by sea to the turquoise and copper mines of the southwestern peninsula of Sinai. In the 2013 campaign, a large batch of papyrus dating from the end of the reign of Cheops was unearthed at the entrance of one of the shop-galleries which are one of the characteristic traits of the site, to this day the most ancient hieratic papyrus ever discovered. They constitute the archives of a team of sailors and are subdivided into two main categories: accounts recording deliveries of different products, and logbooks covering several months of activity of this team. The latter describe missions carried out under the supervision of Inspector Merer and mainly concern the transport by river water of limestone blocks from the quarries of Toura to the construction site of the great pyramid of Cheops, on the other bank of the Nile. This book is the publication of the two best preserved logbooks of this lot.</subfield>
</datafield>
<datafield tag="650" ind1=" " ind2="0">
<subfield code="a">Egyptian language</subfield>
<subfield code="v">Papyri, Hieroglyphic.</subfield>
</datafield>
<datafield tag="650" ind1=" " ind2="0">
<subfield code="a">Egyptian language</subfield>
<subfield code="v">Papyri, Hieratic.</subfield>
</datafield>
<datafield tag="651" ind1=" " ind2="0">
<subfield code="a">Red Sea Coast (Egypt)</subfield>
<subfield code="x">Antiquities.</subfield>
</datafield>
<datafield tag="650" ind1=" " ind2="0">
<subfield code="a">Excavations (Archaeology)</subfield>
<subfield code="z">Egypt</subfield>
<subfield code="z">Red Sea Coast.</subfield>
</datafield>
<datafield tag="651" ind1=" " ind2="0">
<subfield code="a">Wadi al-Jarf Site (Egypt)</subfield>
</datafield>
<datafield tag="651" ind1=" " ind2="7">
<subfield code="a">Wadi al-Jarf.</subfield>
<subfield code="2">pleiades</subfield>
<subfield code="0">https://pleiades.stoa.org/places/420811320</subfield>
</datafield>
<datafield tag="830" ind1=" " ind2="0">
<subfield code="a">M&#233;moires publi&#233;s par les membres de l'Institut fran&#231;ais d'arch&#233;ologie orientale du Caire ;</subfield>
<subfield code="v">136.</subfield>
</datafield>
<datafield tag="OWN" ind1=" " ind2=" ">
<subfield code="a">GENERAL</subfield>
</datafield>
<datafield tag="AVA" ind1=" " ind2=" ">
<subfield code="a">NYU50</subfield>
<subfield code="b">BOBST</subfield>
<subfield code="c">Main Collection</subfield>
<subfield code="d">DT60 .T35 2017</subfield>
<subfield code="e">unavailable</subfield>
<subfield code="t">Unavailable</subfield>
<subfield code="f">1</subfield>
<subfield code="g">1</subfield>
<subfield code="h">N</subfield>
<subfield code="i">0</subfield>
<subfield code="j">MAIN</subfield>
<subfield code="k">0</subfield>
</datafield>
<datafield tag="AVA" ind1=" " ind2=" ">
<subfield code="a">NYU50</subfield>
<subfield code="b">NISAW</subfield>
<subfield code="c">Oversize Collection</subfield>
<subfield code="d">DT57 .F8 t.136 2017 Non-circulating</subfield>
<subfield code="e">available</subfield>
<subfield code="t">Available</subfield>
<subfield code="f">1</subfield>
<subfield code="g">0</subfield>
<subfield code="h">N</subfield>
<subfield code="i">0</subfield>
<subfield code="j">OVERZ</subfield>
<subfield code="k">0</subfield>
</datafield>
</record>