<record xmlns="http://www.loc.gov/MARC21/slim" xmlns:xsi="http://www.w3.org/2001/XMLSchema-instance" xsi:schemaLocation="http://www.loc.gov/MARC21/slim http://www.loc.gov/standards/marcxml/schema/MARC21slim.xsd">
<leader>00000cam a22     Ii 4500</leader>
<controlfield tag="FMT">BK</controlfield>
<controlfield tag="LDR">00000cam a22     Ii 4500</controlfield>
<controlfield tag="001">006251789</controlfield>
<controlfield tag="005">20180720141152.0</controlfield>
<controlfield tag="008">180718s2017    ua ae    b    000 0 ger d</controlfield>
<datafield tag="020" ind1=" " ind2=" ">
<subfield code="a">9782724707113</subfield>
<subfield code="q">(hbk.)</subfield>
</datafield>
<datafield tag="020" ind1=" " ind2=" ">
<subfield code="a">2724707117</subfield>
<subfield code="q">(hbk.)</subfield>
</datafield>
<datafield tag="035" ind1=" " ind2=" ">
<subfield code="a">(OCoLC)1014269671</subfield>
</datafield>
<datafield tag="040" ind1=" " ind2=" ">
<subfield code="a">AUXAM</subfield>
<subfield code="b">eng</subfield>
<subfield code="e">rda</subfield>
<subfield code="c">AUXAM</subfield>
<subfield code="d">NYP</subfield>
<subfield code="d">OCLCO</subfield>
<subfield code="d">OCLCF</subfield>
<subfield code="d">HLS</subfield>
<subfield code="d">JHE</subfield>
<subfield code="d">ZYU</subfield>
</datafield>
<datafield tag="041" ind1="0" ind2=" ">
<subfield code="a">ger</subfield>
<subfield code="b">ger</subfield>
<subfield code="b">fre</subfield>
<subfield code="b">eng</subfield>
</datafield>
<datafield tag="043" ind1=" " ind2=" ">
<subfield code="a">f-ua---</subfield>
</datafield>
<datafield tag="050" ind1=" " ind2="4">
<subfield code="a">DT73.A93</subfield>
<subfield code="b">L47 2017</subfield>
</datafield>
<datafield tag="082" ind1=" " ind2="4">
<subfield code="a">930</subfield>
</datafield>
<datafield tag="100" ind1="1" ind2=" ">
<subfield code="a">Leitz, Christian</subfield>
<subfield code="c">(Egyptologist),</subfield>
<subfield code="e">author.</subfield>
</datafield>
<datafield tag="245" ind1="1" ind2="0">
<subfield code="a">Athribis IV :</subfield>
<subfield code="b">der Umgang L 1 bis L 3 /</subfield>
<subfield code="c">Christian Leitz und Daniela Mendel.</subfield>
</datafield>
<datafield tag="264" ind1=" " ind2="1">
<subfield code="a">Le Caire :</subfield>
<subfield code="b">Institut franc&#807;ais d'arche&#769;ologie orientale,</subfield>
<subfield code="c">2017.</subfield>
</datafield>
<datafield tag="300" ind1=" " ind2=" ">
<subfield code="a">2 volumes :</subfield>
<subfield code="b">illustrations (chiefly color), plans ;</subfield>
<subfield code="c">29 cm.</subfield>
</datafield>
<datafield tag="336" ind1=" " ind2=" ">
<subfield code="a">text</subfield>
<subfield code="b">txt</subfield>
<subfield code="2">rdacontent</subfield>
</datafield>
<datafield tag="336" ind1=" " ind2=" ">
<subfield code="a">still image</subfield>
<subfield code="b">sti</subfield>
<subfield code="2">rdacontent</subfield>
</datafield>
<datafield tag="337" ind1=" " ind2=" ">
<subfield code="a">unmediated</subfield>
<subfield code="b">n</subfield>
<subfield code="2">rdamedia</subfield>
</datafield>
<datafield tag="338" ind1=" " ind2=" ">
<subfield code="a">volume</subfield>
<subfield code="b">nc</subfield>
<subfield code="2">rdacarrier</subfield>
</datafield>
<datafield tag="546" ind1=" " ind2=" ">
<subfield code="a">Text in German, with absracts in German, French and English on back cover.</subfield>
</datafield>
<datafield tag="504" ind1=" " ind2=" ">
<subfield code="a">Includes bibliographical references.</subfield>
</datafield>
<datafield tag="505" ind1="0" ind2=" ">
<subfield code="a">Band 1. Text -- Band 2. Tafeln.</subfield>
</datafield>
<datafield tag="650" ind1=" " ind2="0">
<subfield code="a">Temples</subfield>
<subfield code="z">Egypt</subfield>
<subfield code="z">Athribis (Extinct city)</subfield>
</datafield>
<datafield tag="650" ind1=" " ind2="0">
<subfield code="a">Inscriptions, Egyptian</subfield>
<subfield code="z">Egypt</subfield>
<subfield code="z">Athribis (Extinct city)</subfield>
</datafield>
<datafield tag="650" ind1=" " ind2="0">
<subfield code="a">Excavations (Archaeology)</subfield>
<subfield code="z">Egypt</subfield>
<subfield code="z">Athribis (Extinct city)</subfield>
</datafield>
<datafield tag="651" ind1=" " ind2="0">
<subfield code="a">Athribis (Extinct city)</subfield>
</datafield>
<datafield tag="651" ind1=" " ind2="7">
<subfield code="a">Athribis/Triph(i)eion.</subfield>
<subfield code="2">pleiades</subfield>
<subfield code="0">https://pleiades.stoa.org/places/756538</subfield>
</datafield>
<datafield tag="650" ind1=" " ind2="7">
<subfield code="a">Excavations (Archaeology)</subfield>
<subfield code="2">fast</subfield>
<subfield code="0">(OCoLC)fst00917564</subfield>
</datafield>
<datafield tag="650" ind1=" " ind2="7">
<subfield code="a">Inscriptions, Egyptian.</subfield>
<subfield code="2">fast</subfield>
<subfield code="0">(OCoLC)fst01199431</subfield>
</datafield>
<datafield tag="650" ind1=" " ind2="7">
<subfield code="a">Temples.</subfield>
<subfield code="2">fast</subfield>
<subfield code="0">(OCoLC)fst01147397</subfield>
</datafield>
<datafield tag="651" ind1=" " ind2="7">
<subfield code="a">Egypt</subfield>
<subfield code="z">Athribis (Extinct city)</subfield>
<subfield code="2">fast</subfield>
<subfield code="0">(OCoLC)fst01897217</subfield>
</datafield>
<datafield tag="700" ind1="1" ind2=" ">
<subfield code="a">Mendel, Daniela,</subfield>
<subfield code="e">author.</subfield>
</datafield>
<datafield tag="710" ind1="2" ind2=" ">
<subfield code="a">Institut franc&#807;ais d'arche&#769;ologie orientale du Caire,</subfield>
<subfield code="e">issuing body.</subfield>
</datafield>
<datafield tag="OWN" ind1=" " ind2=" ">
<subfield code="a">GENERAL</subfield>
</datafield>
<datafield tag="AVA" ind1=" " ind2=" ">
<subfield code="a">NYU50</subfield>
<subfield code="b">NISAW</subfield>
<subfield code="c">Large Collection</subfield>
<subfield code="d">DT73.A93 L47 2017</subfield>
<subfield code="e">unavailable</subfield>
<subfield code="t">Unavailable</subfield>
<subfield code="f">2</subfield>
<subfield code="g">2</subfield>
<subfield code="h">Y</subfield>
<subfield code="i">0</subfield>
<subfield code="j">LARGE</subfield>
<subfield code="k">0</subfield>
</datafield>
</record>