<record xmlns="http://www.loc.gov/MARC21/slim" xmlns:xsi="http://www.w3.org/2001/XMLSchema-instance" xsi:schemaLocation="http://www.loc.gov/MARC21/slim http://www.loc.gov/standards/marcxml/schema/MARC21slim.xsd">
<leader>00000cam a22     Ii 4500</leader>
<controlfield tag="FMT">BK</controlfield>
<controlfield tag="LDR">00000cam a22     Ii 4500</controlfield>
<controlfield tag="001">006254560</controlfield>
<controlfield tag="005">20180731141608.0</controlfield>
<controlfield tag="008">180724s2016    fr ae  g b    001 0 fre d</controlfield>
<datafield tag="020" ind1=" " ind2=" ">
<subfield code="a">9782356131478</subfield>
<subfield code="q">(hbk.)</subfield>
</datafield>
<datafield tag="020" ind1=" " ind2=" ">
<subfield code="a">2356131477</subfield>
<subfield code="q">(hbk.)</subfield>
</datafield>
<datafield tag="035" ind1=" " ind2=" ">
<subfield code="a">(OCoLC)949932485</subfield>
</datafield>
<datafield tag="040" ind1=" " ind2=" ">
<subfield code="a">Fr-PaAMA</subfield>
<subfield code="b">eng</subfield>
<subfield code="e">rda</subfield>
<subfield code="c">ZCU</subfield>
<subfield code="d">OCLCO</subfield>
<subfield code="d">OCLCF</subfield>
<subfield code="d">JPG</subfield>
<subfield code="d">CGU</subfield>
<subfield code="d">OCLCQ</subfield>
<subfield code="d">NNU</subfield>
</datafield>
<datafield tag="043" ind1=" " ind2=" ">
<subfield code="a">f-ti---</subfield>
</datafield>
<datafield tag="050" ind1=" " ind2="4">
<subfield code="a">DT269.T48</subfield>
<subfield code="b">D68 2016</subfield>
</datafield>
<datafield tag="245" ind1="0" ind2="0">
<subfield code="a">Dougga, &#233;tudes d'architecture religieuse.</subfield>
<subfield code="n">2,</subfield>
<subfield code="p">Les sanctuaires du forum, du centre d'agglom&#233;ration et de la grande rue courbe /</subfield>
<subfield code="c">sous la direction de Samir Aounallah &amp; Jean-Claude Golvin ; avec les contributions de Samir Aounallah [and eight others].</subfield>
</datafield>
<datafield tag="246" ind1="3" ind2="0">
<subfield code="a">Sanctuaires du forum, du centre d'agglom&#233;ration et de la grande rue courbe</subfield>
</datafield>
<datafield tag="264" ind1=" " ind2="1">
<subfield code="a">Bordeaux :</subfield>
<subfield code="b">Ausonius,</subfield>
<subfield code="c">2016.</subfield>
</datafield>
<datafield tag="300" ind1=" " ind2=" ">
<subfield code="a">622 pages :</subfield>
<subfield code="b">illustrations (some color), plans ;</subfield>
<subfield code="c">29 cm +</subfield>
<subfield code="e">5 folded plans.</subfield>
</datafield>
<datafield tag="336" ind1=" " ind2=" ">
<subfield code="a">text</subfield>
<subfield code="b">txt</subfield>
<subfield code="2">rdacontent</subfield>
</datafield>
<datafield tag="336" ind1=" " ind2=" ">
<subfield code="a">still image</subfield>
<subfield code="b">sti</subfield>
<subfield code="2">rdacontent</subfield>
</datafield>
<datafield tag="337" ind1=" " ind2=" ">
<subfield code="a">unmediated</subfield>
<subfield code="b">n</subfield>
<subfield code="2">rdamedia</subfield>
</datafield>
<datafield tag="338" ind1=" " ind2=" ">
<subfield code="a">volume</subfield>
<subfield code="b">nc</subfield>
<subfield code="2">rdacarrier</subfield>
</datafield>
<datafield tag="490" ind1="1" ind2=" ">
<subfield code="a">M&#233;moires. Ausonius,</subfield>
<subfield code="x">1283-2995 ;</subfield>
<subfield code="v">42</subfield>
</datafield>
<datafield tag="500" ind1=" " ind2=" ">
<subfield code="a">Contains plans in back pocket.</subfield>
</datafield>
<datafield tag="504" ind1=" " ind2=" ">
<subfield code="a">Includes bibliographical references (pages 597-606) and index.</subfield>
</datafield>
<datafield tag="650" ind1=" " ind2="0">
<subfield code="a">Temples</subfield>
<subfield code="z">Tunisia</subfield>
<subfield code="z">Thugga (Extinct city)</subfield>
</datafield>
<datafield tag="650" ind1=" " ind2="0">
<subfield code="a">Excavations (Archaeology)</subfield>
<subfield code="z">Tunisia</subfield>
<subfield code="z">Thugga (Extinct city)</subfield>
</datafield>
<datafield tag="651" ind1=" " ind2="0">
<subfield code="a">Thugga (Extinct city)</subfield>
</datafield>
<datafield tag="651" ind1=" " ind2="7">
<subfield code="a">Thugga/Tokai?</subfield>
<subfield code="2">pleiades</subfield>
<subfield code="0">https://pleiades.stoa.org/places/315223</subfield>
<subfield code="5">NyNyUAW</subfield>
</datafield>
<datafield tag="650" ind1=" " ind2="7">
<subfield code="a">Excavations (Archaeology)</subfield>
<subfield code="2">fast</subfield>
<subfield code="0">(OCoLC)fst00917564</subfield>
</datafield>
<datafield tag="650" ind1=" " ind2="7">
<subfield code="a">Temples.</subfield>
<subfield code="2">fast</subfield>
<subfield code="0">(OCoLC)fst01147397</subfield>
</datafield>
<datafield tag="651" ind1=" " ind2="7">
<subfield code="a">Tunisia</subfield>
<subfield code="z">Thugga (Extinct city)</subfield>
<subfield code="2">fast</subfield>
<subfield code="0">(OCoLC)fst01897104</subfield>
</datafield>
<datafield tag="700" ind1="1" ind2=" ">
<subfield code="a">Aounallah, Samir,</subfield>
<subfield code="e">editor,</subfield>
<subfield code="e">contributor.</subfield>
</datafield>
<datafield tag="700" ind1="1" ind2=" ">
<subfield code="a">Golvin, Jean-Claude,</subfield>
<subfield code="e">editor.</subfield>
</datafield>
<datafield tag="700" ind1="1" ind2=" ">
<subfield code="a">Ben Rhomdane, Hamdane,</subfield>
<subfield code="e">contributor.</subfield>
</datafield>
<datafield tag="700" ind1="1" ind2=" ">
<subfield code="a">Brouquier-Redd&#233;, V&#233;ronique,</subfield>
<subfield code="e">contributor.</subfield>
</datafield>
<datafield tag="700" ind1="1" ind2=" ">
<subfield code="a">Chehidi, Mohamed Ali,</subfield>
<subfield code="e">contributor.</subfield>
</datafield>
<datafield tag="700" ind1="1" ind2=" ">
<subfield code="a">Ghaki, Mansour,</subfield>
<subfield code="e">contributor.</subfield>
</datafield>
<datafield tag="700" ind1="1" ind2=" ">
<subfield code="a">Golvin, Jean-Claude,</subfield>
<subfield code="e">contributor.</subfield>
</datafield>
<datafield tag="700" ind1="1" ind2=" ">
<subfield code="a">Khanoussi, M.</subfield>
<subfield code="q">(Mustapha),</subfield>
<subfield code="e">contributor.</subfield>
</datafield>
<datafield tag="700" ind1="1" ind2=" ">
<subfield code="a">Maurin, Louis,</subfield>
<subfield code="e">contributor.</subfield>
</datafield>
<datafield tag="700" ind1="1" ind2=" ">
<subfield code="a">Saint-Amans, Sophie,</subfield>
<subfield code="e">contributor.</subfield>
</datafield>
<datafield tag="830" ind1=" " ind2="0">
<subfield code="a">M&#233;moires (Ausonius (Institute)) ;</subfield>
<subfield code="v">42.</subfield>
<subfield code="x">1283-2995 ;</subfield>
</datafield>
<datafield tag="OWN" ind1=" " ind2=" ">
<subfield code="a">GENERAL</subfield>
</datafield>
<datafield tag="AVA" ind1=" " ind2=" ">
<subfield code="a">NYU50</subfield>
<subfield code="b">NISAW</subfield>
<subfield code="c">Large Collection</subfield>
<subfield code="d">DT269.T48 D68 2016</subfield>
<subfield code="e">unavailable</subfield>
<subfield code="t">Unavailable</subfield>
<subfield code="f">1</subfield>
<subfield code="g">1</subfield>
<subfield code="h">N</subfield>
<subfield code="i">0</subfield>
<subfield code="j">LARGE</subfield>
<subfield code="k">0</subfield>
</datafield>
</record>