<record xmlns="http://www.loc.gov/MARC21/slim" xmlns:xsi="http://www.w3.org/2001/XMLSchema-instance" xsi:schemaLocation="http://www.loc.gov/MARC21/slim http://www.loc.gov/standards/marcxml/schema/MARC21slim.xsd">
<leader>00000cam a22      a 4500</leader>
<controlfield tag="FMT">BK</controlfield>
<controlfield tag="LDR">00000cam a22      a 4500</controlfield>
<controlfield tag="001">006256270</controlfield>
<controlfield tag="005">20180731141710.0</controlfield>
<controlfield tag="008">180730s2002    fr abef  bc  f001 0 fre</controlfield>
<datafield tag="010" ind1=" " ind2=" ">
<subfield code="a">  2003432575</subfield>
</datafield>
<datafield tag="020" ind1=" " ind2=" ">
<subfield code="a">291002332X</subfield>
</datafield>
<datafield tag="020" ind1=" " ind2=" ">
<subfield code="a">9782910023324</subfield>
</datafield>
<datafield tag="035" ind1=" " ind2=" ">
<subfield code="a">(OCoLC)51898106</subfield>
<subfield code="z">(OCoLC)1000984716</subfield>
</datafield>
<datafield tag="040" ind1=" " ind2=" ">
<subfield code="a">DLC</subfield>
<subfield code="b">eng</subfield>
<subfield code="c">DLC</subfield>
<subfield code="d">TZT</subfield>
<subfield code="d">CGU</subfield>
<subfield code="d">AUXAM</subfield>
<subfield code="d">NLGGC</subfield>
<subfield code="d">OCLCG</subfield>
<subfield code="d">GEBAY</subfield>
<subfield code="d">DEBBG</subfield>
<subfield code="d">OCLCQ</subfield>
<subfield code="d">OCLCO</subfield>
<subfield code="d">OCLCF</subfield>
<subfield code="d">OCLCQ</subfield>
<subfield code="d">OCLCO</subfield>
<subfield code="d">OCLCA</subfield>
<subfield code="d">OCLCQ</subfield>
<subfield code="d">PAU</subfield>
</datafield>
<datafield tag="041" ind1="0" ind2=" ">
<subfield code="a">fre</subfield>
<subfield code="a">lat</subfield>
</datafield>
<datafield tag="042" ind1=" " ind2=" ">
<subfield code="a">pcc</subfield>
</datafield>
<datafield tag="043" ind1=" " ind2=" ">
<subfield code="a">f-ti---</subfield>
</datafield>
<datafield tag="050" ind1="0" ind2="0">
<subfield code="a">DT269.T48</subfield>
<subfield code="b">M68 2002</subfield>
</datafield>
<datafield tag="072" ind1=" " ind2="7">
<subfield code="a">CN</subfield>
<subfield code="2">lcco</subfield>
</datafield>
<datafield tag="082" ind1="0" ind2="0">
<subfield code="a">470/.93973</subfield>
<subfield code="2">22</subfield>
</datafield>
<datafield tag="084" ind1=" " ind2=" ">
<subfield code="a">15.27</subfield>
<subfield code="2">bcl</subfield>
</datafield>
<datafield tag="084" ind1=" " ind2=" ">
<subfield code="a">6,12</subfield>
<subfield code="2">ssgn</subfield>
</datafield>
<datafield tag="084" ind1=" " ind2=" ">
<subfield code="a">NH 8041</subfield>
<subfield code="2">rvk</subfield>
</datafield>
<datafield tag="245" ind1="0" ind2="0">
<subfield code="a">Mourir &#224; Dougga :</subfield>
<subfield code="b">recueil des inscriptions fun&#233;raires /</subfield>
<subfield code="c">sous la direction de Mustapha Khanoussi et Louis Maurin.</subfield>
</datafield>
<datafield tag="260" ind1=" " ind2=" ">
<subfield code="a">Bordeaux :</subfield>
<subfield code="b">Ausonius ;</subfield>
<subfield code="a">Tunis :</subfield>
<subfield code="b">Minist&#232;re de la culture (Tunisie), Institut national du patrimoine,</subfield>
<subfield code="c">2002.</subfield>
</datafield>
<datafield tag="300" ind1=" " ind2=" ">
<subfield code="a">734</subfield>
<subfield code="b">illustrations, maps, plans ;</subfield>
<subfield code="c">29 cm.</subfield>
</datafield>
<datafield tag="336" ind1=" " ind2=" ">
<subfield code="a">text</subfield>
<subfield code="b">txt</subfield>
<subfield code="2">rdacontent</subfield>
</datafield>
<datafield tag="337" ind1=" " ind2=" ">
<subfield code="a">unmediated</subfield>
<subfield code="b">n</subfield>
<subfield code="2">rdamedia</subfield>
</datafield>
<datafield tag="338" ind1=" " ind2=" ">
<subfield code="a">volume</subfield>
<subfield code="b">nc</subfield>
<subfield code="2">rdacarrier</subfield>
</datafield>
<datafield tag="490" ind1="1" ind2=" ">
<subfield code="a">Ausonius publications. M&#233;moires,</subfield>
<subfield code="x">1283-2995 ;</subfield>
<subfield code="v">8</subfield>
</datafield>
<datafield tag="546" ind1=" " ind2=" ">
<subfield code="a">Text in French; inscriptions in Latin.</subfield>
</datafield>
<datafield tag="504" ind1=" " ind2=" ">
<subfield code="a">Includes bibliographical references (pages 731-734) and indexes.</subfield>
</datafield>
<datafield tag="500" ind1=" " ind2=" ">
<subfield code="a">Errata slip inserted.</subfield>
</datafield>
<datafield tag="651" ind1=" " ind2="0">
<subfield code="a">Thugga (Extinct city)</subfield>
</datafield>
<datafield tag="650" ind1=" " ind2="0">
<subfield code="a">Epitaphs</subfield>
<subfield code="z">Tunisia</subfield>
<subfield code="z">Thugga (Extinct city)</subfield>
<subfield code="v">Catalogs.</subfield>
</datafield>
<datafield tag="650" ind1=" " ind2="0">
<subfield code="a">Inscriptions, Latin</subfield>
<subfield code="z">Tunisia</subfield>
<subfield code="z">Thugga (Extinct city)</subfield>
<subfield code="v">Catalogs.</subfield>
</datafield>
<datafield tag="650" ind1=" " ind2="0">
<subfield code="a">Romans</subfield>
<subfield code="z">Tunisia</subfield>
<subfield code="z">Thugga (Extinct city)</subfield>
</datafield>
<datafield tag="650" ind1=" " ind2="0">
<subfield code="a">Sepulchral monuments</subfield>
<subfield code="z">Tunisia</subfield>
<subfield code="z">Thugga (Extinct city)</subfield>
<subfield code="v">Catalogs.</subfield>
</datafield>
<datafield tag="651" ind1=" " ind2="7">
<subfield code="a">Thugga/Tokai?</subfield>
<subfield code="2">pleiades</subfield>
<subfield code="0">https://pleiades.stoa.org/places/315223</subfield>
<subfield code="5">NyNyUAW</subfield>
</datafield>
<datafield tag="650" ind1=" " ind2="7">
<subfield code="a">Epitaphs.</subfield>
<subfield code="2">fast</subfield>
<subfield code="0">(OCoLC)fst00914366</subfield>
</datafield>
<datafield tag="650" ind1=" " ind2="7">
<subfield code="a">Inscriptions, Latin.</subfield>
<subfield code="2">fast</subfield>
<subfield code="0">(OCoLC)fst00973901</subfield>
</datafield>
<datafield tag="650" ind1=" " ind2="7">
<subfield code="a">Romans.</subfield>
<subfield code="2">fast</subfield>
<subfield code="0">(OCoLC)fst01100116</subfield>
</datafield>
<datafield tag="650" ind1=" " ind2="7">
<subfield code="a">Sepulchral monuments.</subfield>
<subfield code="2">fast</subfield>
<subfield code="0">(OCoLC)fst01112853</subfield>
</datafield>
<datafield tag="651" ind1=" " ind2="7">
<subfield code="a">Tunisia</subfield>
<subfield code="z">Thugga (Extinct city)</subfield>
<subfield code="2">fast</subfield>
<subfield code="0">(OCoLC)fst01897104</subfield>
</datafield>
<datafield tag="650" ind1="1" ind2="7">
<subfield code="a">Latijn.</subfield>
<subfield code="2">gtt</subfield>
</datafield>
<datafield tag="650" ind1="1" ind2="7">
<subfield code="a">Grafschriften.</subfield>
<subfield code="2">gtt</subfield>
</datafield>
<datafield tag="650" ind1=" " ind2="7">
<subfield code="a">Grabinschrift</subfield>
<subfield code="2">gnd</subfield>
<subfield code="0">(DE-588)4131555-8</subfield>
</datafield>
<datafield tag="650" ind1=" " ind2="7">
<subfield code="a">Quelle</subfield>
<subfield code="2">gnd</subfield>
<subfield code="0">(DE-588)4135952-5</subfield>
</datafield>
<datafield tag="651" ind1=" " ind2="7">
<subfield code="a">Dougga</subfield>
<subfield code="2">gnd</subfield>
<subfield code="0">(DE-588)4234823-7</subfield>
</datafield>
<datafield tag="650" ind1=" " ind2="7">
<subfield code="a">Latein</subfield>
<subfield code="2">gnd</subfield>
<subfield code="0">(DE-588)4114364-4</subfield>
</datafield>
<datafield tag="651" ind1=" " ind2="7">
<subfield code="a">Latein.</subfield>
<subfield code="2">swd</subfield>
</datafield>
<datafield tag="653" ind1=" " ind2=" ">
<subfield code="a">Classical funeral epigraphy</subfield>
<subfield code="a">Roman Tunisia</subfield>
</datafield>
<datafield tag="655" ind1=" " ind2="7">
<subfield code="a">Catalogs.</subfield>
<subfield code="2">fast</subfield>
<subfield code="0">(OCoLC)fst01423692</subfield>
</datafield>
<datafield tag="700" ind1="1" ind2=" ">
<subfield code="a">Khanoussi, M.</subfield>
<subfield code="q">(Mustapha)</subfield>
</datafield>
<datafield tag="700" ind1="1" ind2=" ">
<subfield code="a">Maurin, Louis.</subfield>
</datafield>
<datafield tag="776" ind1="0" ind2="8">
<subfield code="i">Online version:</subfield>
<subfield code="t">Mourir &#224; Dougga.</subfield>
<subfield code="d">Bordeaux : Ausonius ; Tunis : Minist&#232;re de la culture (Tunisie), Institut national du patrimoine, 2002</subfield>
<subfield code="w">(OCoLC)606950430</subfield>
</datafield>
<datafield tag="830" ind1=" " ind2="0">
<subfield code="a">M&#233;moires (Ausonius (Institute)) ;</subfield>
<subfield code="v">8.</subfield>
<subfield code="x">1283-2995</subfield>
</datafield>
<datafield tag="856" ind1="4" ind2="2">
<subfield code="3">The Rosengarten Family Fund Home Page</subfield>
<subfield code="u">http://hdl.library.upenn.edu/1017.12/366323</subfield>
</datafield>
<datafield tag="OWN" ind1=" " ind2=" ">
<subfield code="a">GENERAL</subfield>
</datafield>
<datafield tag="AVA" ind1=" " ind2=" ">
<subfield code="a">NYU50</subfield>
<subfield code="b">NISAW</subfield>
<subfield code="c">Large Collection</subfield>
<subfield code="d">DT269.T48 M68 2002 Non-circulating</subfield>
<subfield code="e">unavailable</subfield>
<subfield code="t">Unavailable</subfield>
<subfield code="f">1</subfield>
<subfield code="g">1</subfield>
<subfield code="h">N</subfield>
<subfield code="i">0</subfield>
<subfield code="j">LARGE</subfield>
<subfield code="k">0</subfield>
</datafield>
</record>