<record xmlns="http://www.loc.gov/MARC21/slim" xmlns:xsi="http://www.w3.org/2001/XMLSchema-instance" xsi:schemaLocation="http://www.loc.gov/MARC21/slim http://www.loc.gov/standards/marcxml/schema/MARC21slim.xsd">
<leader>00000cam a22     4a 4500</leader>
<controlfield tag="FMT">BK</controlfield>
<controlfield tag="LDR">00000cam a22     4a 4500</controlfield>
<controlfield tag="001">006256274</controlfield>
<controlfield tag="005">20180731141519.0</controlfield>
<controlfield tag="008">180730s2004    fr abe   b    000 0 fre c</controlfield>
<datafield tag="020" ind1=" " ind2=" ">
<subfield code="a">2910023532</subfield>
</datafield>
<datafield tag="020" ind1=" " ind2=" ">
<subfield code="a">9782910023539</subfield>
</datafield>
<datafield tag="035" ind1=" " ind2=" ">
<subfield code="a">(OCoLC)60598188</subfield>
</datafield>
<datafield tag="040" ind1=" " ind2=" ">
<subfield code="a">TZT</subfield>
<subfield code="b">eng</subfield>
<subfield code="c">TZT</subfield>
<subfield code="d">CGU</subfield>
<subfield code="d">NLGGC</subfield>
<subfield code="d">YUS</subfield>
<subfield code="d">GEBAY</subfield>
<subfield code="d">OCLCQ</subfield>
<subfield code="d">OCLCO</subfield>
<subfield code="d">OCLCQ</subfield>
<subfield code="d">DEBBG</subfield>
<subfield code="d">OCLCF</subfield>
<subfield code="d">OCLCA</subfield>
<subfield code="d">PAU</subfield>
</datafield>
<datafield tag="042" ind1=" " ind2=" ">
<subfield code="a">pcc</subfield>
</datafield>
<datafield tag="043" ind1=" " ind2=" ">
<subfield code="a">f-ti---</subfield>
</datafield>
<datafield tag="050" ind1=" " ind2="4">
<subfield code="a">DT269.U78</subfield>
<subfield code="b">O934 2004</subfield>
</datafield>
<datafield tag="072" ind1=" " ind2="7">
<subfield code="a">DG</subfield>
<subfield code="2">lcco</subfield>
</datafield>
<datafield tag="082" ind1="1" ind2="4">
<subfield code="a">937</subfield>
<subfield code="2">1</subfield>
</datafield>
<datafield tag="084" ind1=" " ind2=" ">
<subfield code="a">15.34</subfield>
<subfield code="2">bcl</subfield>
</datafield>
<datafield tag="084" ind1=" " ind2=" ">
<subfield code="a">6,11</subfield>
<subfield code="2">ssgn</subfield>
</datafield>
<datafield tag="084" ind1=" " ind2=" ">
<subfield code="a">6,12</subfield>
<subfield code="2">ssgn</subfield>
</datafield>
<datafield tag="084" ind1=" " ind2=" ">
<subfield code="a">LF 4159</subfield>
<subfield code="2">rvk</subfield>
</datafield>
<datafield tag="245" ind1="0" ind2="0">
<subfield code="a">Oudhna (Uthina), colonie de v&#233;t&#233;rans de la XIIIe l&#233;gion :</subfield>
<subfield code="b">histoire, urbanisme, fouilles et mise en valeur des monuments /</subfield>
<subfield code="c">sous la direction de Habib Ben Hassen et Louis Maurin.</subfield>
</datafield>
<datafield tag="260" ind1=" " ind2=" ">
<subfield code="a">Bordeaux :</subfield>
<subfield code="b">Ausonius ;</subfield>
<subfield code="a">Tunis :</subfield>
<subfield code="b">Institut national du patrimoine,</subfield>
<subfield code="c">2004.</subfield>
</datafield>
<datafield tag="300" ind1=" " ind2=" ">
<subfield code="a">278 pages :</subfield>
<subfield code="b">illustrations (some color), maps, plans ;</subfield>
<subfield code="c">29 cm.</subfield>
</datafield>
<datafield tag="336" ind1=" " ind2=" ">
<subfield code="a">text</subfield>
<subfield code="b">txt</subfield>
<subfield code="2">rdacontent</subfield>
</datafield>
<datafield tag="337" ind1=" " ind2=" ">
<subfield code="a">unmediated</subfield>
<subfield code="b">n</subfield>
<subfield code="2">rdamedia</subfield>
</datafield>
<datafield tag="338" ind1=" " ind2=" ">
<subfield code="a">volume</subfield>
<subfield code="b">nc</subfield>
<subfield code="2">rdacarrier</subfield>
</datafield>
<datafield tag="490" ind1="1" ind2=" ">
<subfield code="a">M&#233;moires,</subfield>
<subfield code="x">1283-2995 ;</subfield>
<subfield code="v">13</subfield>
</datafield>
<datafield tag="500" ind1=" " ind2=" ">
<subfield code="a">One folded map in pocket.</subfield>
</datafield>
<datafield tag="504" ind1=" " ind2=" ">
<subfield code="a">Includes bibliographical references.</subfield>
</datafield>
<datafield tag="610" ind1="1" ind2="7">
<subfield code="a">R&#246;misches Reich</subfield>
<subfield code="x">Legion (13, Gemina)</subfield>
<subfield code="2">swd</subfield>
</datafield>
<datafield tag="610" ind1="2" ind2="7">
<subfield code="a">R&#246;misches Reich.</subfield>
<subfield code="b">Legion (13, Gemina)</subfield>
<subfield code="0">(DE-588)4224537-0</subfield>
<subfield code="2">gnd</subfield>
</datafield>
<datafield tag="651" ind1=" " ind2="0">
<subfield code="a">Uthina (Extinct city)</subfield>
</datafield>
<datafield tag="651" ind1=" " ind2="0">
<subfield code="a">Tunisia</subfield>
<subfield code="x">Antiquities, Roman.</subfield>
</datafield>
<datafield tag="651" ind1=" " ind2="7">
<subfield code="a">Uthina.</subfield>
<subfield code="2">pleiades</subfield>
<subfield code="0">https://pleiades.stoa.org/places/315247</subfield>
<subfield code="5">NyNyUAW</subfield>
</datafield>
<datafield tag="650" ind1="0" ind2="7">
<subfield code="a">Ausgrabung.</subfield>
<subfield code="0">(DE-588)4129464-6</subfield>
<subfield code="2">gnd</subfield>
</datafield>
<datafield tag="650" ind1="0" ind2="7">
<subfield code="a">Funde.</subfield>
<subfield code="0">(DE-588)4071507-3</subfield>
<subfield code="2">gnd</subfield>
</datafield>
<datafield tag="651" ind1=" " ind2="7">
<subfield code="a">Uthina.</subfield>
<subfield code="0">(DE-588)4602151-6</subfield>
<subfield code="2">gnd</subfield>
</datafield>
<datafield tag="650" ind1=" " ind2="7">
<subfield code="a">Classical antiquities.</subfield>
<subfield code="2">fast</subfield>
<subfield code="0">(OCoLC)fst00863445</subfield>
</datafield>
<datafield tag="651" ind1=" " ind2="7">
<subfield code="a">Tunisia.</subfield>
<subfield code="2">fast</subfield>
<subfield code="0">(OCoLC)fst01205477</subfield>
</datafield>
<datafield tag="651" ind1=" " ind2="7">
<subfield code="a">Tunisia</subfield>
<subfield code="z">Uthina (Extinct city)</subfield>
<subfield code="2">fast</subfield>
<subfield code="0">(OCoLC)fst01897199</subfield>
</datafield>
<datafield tag="653" ind1=" " ind2=" ">
<subfield code="a">Roman archaeology and history</subfield>
<subfield code="a">Tunisia</subfield>
</datafield>
<datafield tag="700" ind1="1" ind2=" ">
<subfield code="a">Ben Hassen, Habib.</subfield>
</datafield>
<datafield tag="700" ind1="1" ind2=" ">
<subfield code="a">Maurin, Louis.</subfield>
</datafield>
<datafield tag="830" ind1=" " ind2="0">
<subfield code="a">M&#233;moires (Ausonius (Institute)) ;</subfield>
<subfield code="v">13.</subfield>
</datafield>
<datafield tag="856" ind1=" " ind2=" ">
<subfield code="u">http://bvbr.bib-bvb.de:8991/F?func=service&amp;doc_library=BVB01&amp;local_base=BVB01&amp;doc_number=013176611&amp;line_number=0001&amp;func_code=DB_RECORDS&amp;service_type=MEDIA</subfield>
<subfield code="z">Inhaltsverzeichnis</subfield>
</datafield>
<datafield tag="856" ind1="4" ind2="2">
<subfield code="3">The Anne and Joseph Trachtman Memorial Book Fund Home Page</subfield>
<subfield code="u">http://hdl.library.upenn.edu/1017.12/366327</subfield>
</datafield>
<datafield tag="OWN" ind1=" " ind2=" ">
<subfield code="a">GENERAL</subfield>
</datafield>
<datafield tag="AVA" ind1=" " ind2=" ">
<subfield code="a">NYU50</subfield>
<subfield code="b">NISAW</subfield>
<subfield code="c">Large Collection</subfield>
<subfield code="d">DT269.U78 O934 2004 Non-circulating</subfield>
<subfield code="e">unavailable</subfield>
<subfield code="t">Unavailable</subfield>
<subfield code="f">1</subfield>
<subfield code="g">1</subfield>
<subfield code="h">N</subfield>
<subfield code="i">0</subfield>
<subfield code="j">LARGE</subfield>
<subfield code="k">0</subfield>
</datafield>
</record>