<record xmlns="http://www.loc.gov/MARC21/slim" xmlns:xsi="http://www.w3.org/2001/XMLSchema-instance" xsi:schemaLocation="http://www.loc.gov/MARC21/slim http://www.loc.gov/standards/marcxml/schema/MARC21slim.xsd">
<leader>00000cam a22     Ii 4500</leader>
<controlfield tag="FMT">BK</controlfield>
<controlfield tag="LDR">00000cam a22     Ii 4500</controlfield>
<controlfield tag="001">006251759</controlfield>
<controlfield tag="005">20180718145540.0</controlfield>
<controlfield tag="008">180718s1909    enkfh    b    001 0 eng c</controlfield>
<datafield tag="010" ind1=" " ind2=" ">
<subfield code="a">a  14002880</subfield>
</datafield>
<datafield tag="024" ind1="0" ind2="0">
<subfield code="a">a 14002880</subfield>
</datafield>
<datafield tag="024" ind1="0" ind2="0">
<subfield code="a">ocm04764352</subfield>
</datafield>
<datafield tag="035" ind1=" " ind2=" ">
<subfield code="a">(OCoLC)4764352</subfield>
<subfield code="z">(OCoLC)12739536</subfield>
<subfield code="z">(OCoLC)813694045</subfield>
</datafield>
<datafield tag="040" ind1=" " ind2=" ">
<subfield code="a">Union Theol. Sem.</subfield>
<subfield code="b">eng</subfield>
<subfield code="c">CLE</subfield>
<subfield code="d">OCL</subfield>
<subfield code="d">CFT</subfield>
<subfield code="d">OCL</subfield>
<subfield code="d">OCLCQ</subfield>
<subfield code="d">KRTAS</subfield>
<subfield code="d">AMAZN</subfield>
<subfield code="d">DEBBG</subfield>
<subfield code="d">KIJ</subfield>
<subfield code="d">OCLCQ</subfield>
<subfield code="d">OCLCO</subfield>
<subfield code="d">OCLCF</subfield>
<subfield code="d">OCLCQ</subfield>
<subfield code="d">STMCA</subfield>
<subfield code="d">DHA</subfield>
<subfield code="d">EUM</subfield>
<subfield code="d">T9K</subfield>
</datafield>
<datafield tag="041" ind1="0" ind2=" ">
<subfield code="a">grc</subfield>
<subfield code="a">eng</subfield>
</datafield>
<datafield tag="050" ind1=" " ind2="4">
<subfield code="a">G91.C83</subfield>
<subfield code="b">W78 1909</subfield>
</datafield>
<datafield tag="082" ind1="0" ind2="4">
<subfield code="a">888.9</subfield>
<subfield code="b">W73</subfield>
</datafield>
<datafield tag="084" ind1=" " ind2=" ">
<subfield code="a">FK 19450</subfield>
<subfield code="2">rvk</subfield>
</datafield>
<datafield tag="084" ind1=" " ind2=" ">
<subfield code="a">281.4</subfield>
</datafield>
<datafield tag="100" ind1="0" ind2=" ">
<subfield code="a">Cosmas,</subfield>
<subfield code="c">Indicopleustes,</subfield>
<subfield code="d">active 6th century.</subfield>
</datafield>
<datafield tag="245" ind1="1" ind2="4">
<subfield code="a">The Christian topography of Cosmas Indicopleustes /</subfield>
<subfield code="c">edited with geographical notes by E.O. Winstedt.</subfield>
</datafield>
<datafield tag="260" ind1=" " ind2=" ">
<subfield code="a">Cambridge :</subfield>
<subfield code="b">University Press,</subfield>
<subfield code="c">1909.</subfield>
</datafield>
<datafield tag="300" ind1=" " ind2=" ">
<subfield code="a">376</subfield>
<subfield code="b">facsimiles ;</subfield>
<subfield code="c">22 cm</subfield>
</datafield>
<datafield tag="336" ind1=" " ind2=" ">
<subfield code="a">text</subfield>
<subfield code="b">txt</subfield>
<subfield code="2">rdacontent</subfield>
</datafield>
<datafield tag="337" ind1=" " ind2=" ">
<subfield code="a">unmediated</subfield>
<subfield code="b">n</subfield>
<subfield code="2">rdamedia</subfield>
</datafield>
<datafield tag="338" ind1=" " ind2=" ">
<subfield code="a">volume</subfield>
<subfield code="b">nc</subfield>
<subfield code="2">rdacarrier</subfield>
</datafield>
<datafield tag="504" ind1=" " ind2=" ">
<subfield code="a">Includes bibliographical references and indexes.</subfield>
</datafield>
<datafield tag="546" ind1=" " ind2=" ">
<subfield code="a">Text in Greek; title page and introduction in English.</subfield>
</datafield>
<datafield tag="500" ind1=" " ind2=" ">
<subfield code="a">ISAW copy is from the library of Nina Garso&#239;an.</subfield>
<subfield code="5">NyNyUAW</subfield>
</datafield>
<datafield tag="650" ind1=" " ind2="0">
<subfield code="a">Geography, Medieval.</subfield>
</datafield>
<datafield tag="650" ind1=" " ind2="7">
<subfield code="a">Geography, Medieval.</subfield>
<subfield code="2">fast</subfield>
<subfield code="0">(OCoLC)fst00940573</subfield>
</datafield>
<datafield tag="700" ind1="1" ind2=" ">
<subfield code="a">Winstedt, Eric Otto, &#450;e editor.</subfield>
</datafield>
<datafield tag="700" ind1="1" ind2=" ">
<subfield code="a">Garso&#239;an, Nina G.,</subfield>
<subfield code="d">1923-</subfield>
<subfield code="e">former owner.</subfield>
<subfield code="5">NyNyUAW</subfield>
</datafield>
<datafield tag="740" ind1="0" ind2=" ">
<subfield code="a">Garso&#239;an Collection.</subfield>
<subfield code="5">NyNyUAW</subfield>
</datafield>
<datafield tag="776" ind1="0" ind2="8">
<subfield code="i">Online version:</subfield>
<subfield code="a">Cosmas, Indicopleustes.</subfield>
<subfield code="t">Christian topography of Cosmas Indicopleustes.</subfield>
<subfield code="d">Cambridge, University Press, 1909</subfield>
<subfield code="w">(OCoLC)551668390</subfield>
</datafield>
<datafield tag="OWN" ind1=" " ind2=" ">
<subfield code="a">GENERAL</subfield>
</datafield>
<datafield tag="AVA" ind1=" " ind2=" ">
<subfield code="a">NYU50</subfield>
<subfield code="b">NISAW</subfield>
<subfield code="c">Small Collection</subfield>
<subfield code="d">G91.C83 W78 1909</subfield>
<subfield code="e">available</subfield>
<subfield code="t">Available</subfield>
<subfield code="f">1</subfield>
<subfield code="g">0</subfield>
<subfield code="h">N</subfield>
<subfield code="i">0</subfield>
<subfield code="j">SMALL</subfield>
<subfield code="k">0</subfield>
</datafield>
</record>