<record xmlns="http://www.loc.gov/MARC21/slim" xmlns:xsi="http://www.w3.org/2001/XMLSchema-instance" xsi:schemaLocation="http://www.loc.gov/MARC21/slim http://www.loc.gov/standards/marcxml/schema/MARC21slim.xsd">
<leader>00000cam a22      a 4500</leader>
<controlfield tag="FMT">BK</controlfield>
<controlfield tag="LDR">00000cam a22      a 4500</controlfield>
<controlfield tag="001">006251525</controlfield>
<controlfield tag="005">20180717141054.0</controlfield>
<controlfield tag="008">180717s1983    ru       b    000 0 ruso</controlfield>
<datafield tag="010" ind1=" " ind2=" ">
<subfield code="a">   85203031</subfield>
</datafield>
<datafield tag="035" ind1=" " ind2=" ">
<subfield code="a">(OCoLC)19128857</subfield>
</datafield>
<datafield tag="040" ind1=" " ind2=" ">
<subfield code="a">DLC</subfield>
<subfield code="b">eng</subfield>
<subfield code="c">DLC</subfield>
<subfield code="d">OCLCF</subfield>
<subfield code="d">OCLCO</subfield>
<subfield code="d">OCLCQ</subfield>
<subfield code="d">ZYU</subfield>
</datafield>
<datafield tag="043" ind1=" " ind2=" ">
<subfield code="a">me-----</subfield>
</datafield>
<datafield tag="050" ind1="0" ind2="0">
<subfield code="a">GN539</subfield>
<subfield code="b">.S23 1983</subfield>
</datafield>
<datafield tag="100" ind1="1" ind2=" ">
<subfield code="6">880-01</subfield>
<subfield code="a">Safronov, V. A.,</subfield>
<subfield code="e">author.</subfield>
</datafield>
<datafield tag="245" ind1="1" ind2="0">
<subfield code="6">880-02</subfield>
<subfield code="a">Problema indoevropei&#774;skoi&#774; prarodiny :</subfield>
<subfield code="b">uchebnoe posobie /</subfield>
<subfield code="c">V.A. Safronov.</subfield>
</datafield>
<datafield tag="260" ind1=" " ind2=" ">
<subfield code="6">880-03</subfield>
<subfield code="a">Ordzhonikidze :</subfield>
<subfield code="b">Severo-Osetinskii&#774; gos. universitet im. K.L. Khetagurova,</subfield>
<subfield code="c">1983.</subfield>
</datafield>
<datafield tag="300" ind1=" " ind2=" ">
<subfield code="a">2</subfield>
<subfield code="c">22 cm</subfield>
</datafield>
<datafield tag="336" ind1=" " ind2=" ">
<subfield code="a">text</subfield>
<subfield code="b">txt</subfield>
<subfield code="2">rdacontent</subfield>
</datafield>
<datafield tag="337" ind1=" " ind2=" ">
<subfield code="a">unmediated</subfield>
<subfield code="b">n</subfield>
<subfield code="2">rdamedia</subfield>
</datafield>
<datafield tag="338" ind1=" " ind2=" ">
<subfield code="a">volume</subfield>
<subfield code="b">nc</subfield>
<subfield code="2">rdacarrier</subfield>
</datafield>
<datafield tag="500" ind1=" " ind2=" ">
<subfield code="a">ISAW copy is from the library of Aleksandr Leskov.</subfield>
<subfield code="5">NyNyUAW</subfield>
</datafield>
<datafield tag="500" ind1=" " ind2=" ">
<subfield code="6">880-04</subfield>
<subfield code="a">At head of title: Ministerstvo vysshego i srednego spet&#65056;s&#65057;ial&#697;nogo obrazovanii&#65056;a&#65057; RSFSR. Severo-Osetinskii&#774; gosudarstvennyi&#774; universitet im. K.L. Khetagurova.</subfield>
</datafield>
<datafield tag="504" ind1=" " ind2=" ">
<subfield code="a">Includes bibliographical references (pages 84-95).</subfield>
</datafield>
<datafield tag="650" ind1=" " ind2="0">
<subfield code="a">Indo-Europeans.</subfield>
</datafield>
<datafield tag="710" ind1="2" ind2=" ">
<subfield code="6">880-05</subfield>
<subfield code="a">Severo-Osetinskii&#774; gosudarstvennyi&#774; universitet im. K.L. Khetagurova,</subfield>
<subfield code="e">issuing body.</subfield>
</datafield>
<datafield tag="700" ind1="1" ind2=" ">
<subfield code="a">Leskov, Aleksandr Mikha&#301;lovich,</subfield>
<subfield code="e">former owner.</subfield>
<subfield code="5">NyNyUAW</subfield>
</datafield>
<datafield tag="740" ind1="0" ind2=" ">
<subfield code="a">Leskov Collection.</subfield>
<subfield code="5">NyNyUAW</subfield>
</datafield>
<datafield tag="880" ind1="1" ind2=" ">
<subfield code="6">100-01/</subfield>
<subfield code="a">&#1057;&#1072;&#1092;&#1088;&#1086;&#1085;&#1086;&#1074;, &#1042;. &#1040;.,</subfield>
<subfield code="e">&#1072;uthor.</subfield>
</datafield>
<datafield tag="880" ind1="1" ind2="0">
<subfield code="6">245-02/</subfield>
<subfield code="a">&#1055;&#1088;&#1086;&#1073;&#1083;&#1077;&#1084;&#1072; &#1080;&#1085;&#1076;&#1086;&#1077;&#1074;&#1088;&#1086;&#1087;&#1077;&#1081;&#1089;&#1082;&#1086;&#1081; &#1087;&#1088;&#1072;&#1088;&#1086;&#1076;&#1080;&#1085;&#1099; :</subfield>
<subfield code="b">&#1091;&#1095;&#1077;&#1073;&#1085;&#1086;&#1077; &#1087;&#1086;&#1089;&#1086;&#1073;&#1080;&#1077; /</subfield>
<subfield code="c">&#1042;.&#1040;. &#1057;&#1072;&#1092;&#1088;&#1086;&#1085;&#1086;&#1074;.</subfield>
</datafield>
<datafield tag="880" ind1=" " ind2=" ">
<subfield code="6">260-03/</subfield>
<subfield code="a">&#1054;&#1088;&#1076;&#1078;&#1086;&#1085;&#1080;&#1082;&#1080;&#1076;&#1079;&#1077; :</subfield>
<subfield code="b">&#1057;&#1077;&#1074;&#1077;&#1088;&#1086;-&#1054;&#1089;&#1077;&#1090;&#1080;&#1085;&#1089;&#1082;&#1080;&#1081; &#1075;&#1086;&#1089;. &#1091;&#1085;&#1080;&#1074;&#1077;&#1088;&#1089;&#1080;&#1090;&#1077;&#1090; &#1080;&#1084;. &#1050;.&#1051;. &#1061;&#1077;&#1090;&#1072;&#1075;&#1091;&#1088;&#1086;&#1074;&#1072;,</subfield>
<subfield code="c">1983.</subfield>
</datafield>
<datafield tag="880" ind1=" " ind2=" ">
<subfield code="6">500-04/</subfield>
<subfield code="a">&#1040;t head of title: &#1052;&#1080;&#1085;&#1080;&#1089;&#1090;&#1077;&#1088;&#1089;&#1090;&#1074;&#1086; &#1074;&#1099;&#1089;&#1096;&#1077;&#1075;&#1086; &#1080; &#1089;&#1088;&#1077;&#1076;&#1085;&#1077;&#1075;&#1086; &#1089;&#1087;&#1077;&#1094;&#1080;&#1072;&#1083;&#1100;&#1085;&#1086;&#1075;&#1086; &#1086;&#1073;&#1088;&#1072;&#1079;&#1086;&#1074;&#1072;&#1085;&#1080;&#1103; &#1056;&#1057;&#1060;&#1057;&#1056;. &#1057;&#1077;&#1074;&#1077;&#1088;&#1086;-&#1054;&#1089;&#1077;&#1090;&#1080;&#1085;&#1089;&#1082;&#1080;&#1081; &#1075;&#1086;&#1089;&#1091;&#1076;&#1072;&#1088;&#1089;&#1090;&#1074;&#1077;&#1085;&#1085;&#1099;&#1081; &#1091;&#1085;&#1080;&#1074;&#1077;&#1088;&#1089;&#1080;&#1090;&#1077;&#1090; &#1080;&#1084;. &#1050;.&#1051;. &#1061;&#1077;&#1090;&#1072;&#1075;&#1091;&#1088;&#1086;&#1074;&#1072;.</subfield>
</datafield>
<datafield tag="880" ind1="2" ind2=" ">
<subfield code="6">710-05/</subfield>
<subfield code="a">&#1057;&#1077;&#1074;&#1077;&#1088;&#1086;-&#1054;&#1089;&#1077;&#1090;&#1080;&#1085;&#1089;&#1082;&#1080;&#1081; &#1075;&#1086;&#1089;&#1091;&#1076;&#1072;&#1088;&#1089;&#1090;&#1074;&#1077;&#1085;&#1085;&#1099;&#1081; &#1091;&#1085;&#1080;&#1074;&#1077;&#1088;&#1089;&#1080;&#1090;&#1077;&#1090; &#1080;&#1084;. &#1050;.&#1051;. &#1061;&#1077;&#1090;&#1072;&#1075;&#1091;&#1088;&#1086;&#1074;&#1072;,</subfield>
<subfield code="e">issuing body.</subfield>
</datafield>
<datafield tag="OWN" ind1=" " ind2=" ">
<subfield code="a">GENERAL</subfield>
</datafield>
<datafield tag="AVA" ind1=" " ind2=" ">
<subfield code="a">NYU50</subfield>
<subfield code="b">NISAW</subfield>
<subfield code="c">Small Collection</subfield>
<subfield code="d">GN539 .S23 1983 Non-circulating</subfield>
<subfield code="e">unavailable</subfield>
<subfield code="t">Unavailable</subfield>
<subfield code="f">1</subfield>
<subfield code="g">1</subfield>
<subfield code="h">N</subfield>
<subfield code="i">0</subfield>
<subfield code="j">SMALL</subfield>
<subfield code="k">0</subfield>
</datafield>
</record>