<record xmlns="http://www.loc.gov/MARC21/slim" xmlns:xsi="http://www.w3.org/2001/XMLSchema-instance" xsi:schemaLocation="http://www.loc.gov/MARC21/slim http://www.loc.gov/standards/marcxml/schema/MARC21slim.xsd">
<leader>00000cam a22      i 4500</leader>
<controlfield tag="FMT">BK</controlfield>
<controlfield tag="LDR">00000cam a22      i 4500</controlfield>
<controlfield tag="001">006251440</controlfield>
<controlfield tag="005">20180717091129.0</controlfield>
<controlfield tag="008">180717s1979    ru a     b    001 0 ruso</controlfield>
<datafield tag="010" ind1=" " ind2=" ">
<subfield code="a">   79377450</subfield>
</datafield>
<datafield tag="015" ind1=" " ind2=" ">
<subfield code="a">USSR79</subfield>
</datafield>
<datafield tag="035" ind1=" " ind2=" ">
<subfield code="a">(OCoLC)5649760</subfield>
</datafield>
<datafield tag="040" ind1=" " ind2=" ">
<subfield code="a">DLC</subfield>
<subfield code="b">eng</subfield>
<subfield code="c">DLC</subfield>
<subfield code="d">OCLCO</subfield>
<subfield code="d">OCLCF</subfield>
<subfield code="d">OCLCQ</subfield>
<subfield code="d">ZYU</subfield>
</datafield>
<datafield tag="050" ind1="0" ind2="0">
<subfield code="a">GN739</subfield>
<subfield code="b">.B64 1979</subfield>
</datafield>
<datafield tag="100" ind1="1" ind2=" ">
<subfield code="6">880-01</subfield>
<subfield code="a">Boriskovskii&#774;, P. I.</subfield>
<subfield code="q">(Pavel Iosifovich),</subfield>
<subfield code="d">1911-1991,</subfield>
<subfield code="e">author.</subfield>
</datafield>
<datafield tag="245" ind1="1" ind2="0">
<subfield code="6">880-02</subfield>
<subfield code="a">Drevnei&#774;shee proshloe chelovechestva /</subfield>
<subfield code="c">P.I. Boriskovskii&#774;.</subfield>
</datafield>
<datafield tag="250" ind1=" " ind2=" ">
<subfield code="a">2-e izd., pererab. i dop.</subfield>
</datafield>
<datafield tag="260" ind1=" " ind2=" ">
<subfield code="6">880-03</subfield>
<subfield code="a">Leningrad :</subfield>
<subfield code="b">Nauka, Leningr. otd-nie,</subfield>
<subfield code="c">1979.</subfield>
</datafield>
<datafield tag="300" ind1=" " ind2=" ">
<subfield code="a">240 pages :</subfield>
<subfield code="b">illustrations ;</subfield>
<subfield code="c">22 cm</subfield>
</datafield>
<datafield tag="336" ind1=" " ind2=" ">
<subfield code="a">text</subfield>
<subfield code="b">txt</subfield>
<subfield code="2">rdacontent</subfield>
</datafield>
<datafield tag="337" ind1=" " ind2=" ">
<subfield code="a">unmediated</subfield>
<subfield code="b">n</subfield>
<subfield code="2">rdamedia</subfield>
</datafield>
<datafield tag="338" ind1=" " ind2=" ">
<subfield code="a">volume</subfield>
<subfield code="b">nc</subfield>
<subfield code="2">rdacarrier</subfield>
</datafield>
<datafield tag="500" ind1=" " ind2=" ">
<subfield code="6">880-04</subfield>
<subfield code="a">At head of title: Akademii&#65056;a&#65057; nauk SSSR. Institut arkheologii.</subfield>
</datafield>
<datafield tag="500" ind1=" " ind2=" ">
<subfield code="a">ISAW copy is from the library of Aleksandr Leskov.</subfield>
<subfield code="5">NyNyUAW</subfield>
</datafield>
<datafield tag="504" ind1=" " ind2=" ">
<subfield code="a">Includes bibliographical references (pages 222-231) and index.</subfield>
</datafield>
<datafield tag="650" ind1=" " ind2="0">
<subfield code="a">Prehistoric peoples.</subfield>
</datafield>
<datafield tag="710" ind1="2" ind2=" ">
<subfield code="6">880-05</subfield>
<subfield code="a">Institut arkheologii (Akademii&#65056;a&#65057; nauk SSSR),</subfield>
<subfield code="e">issuing body.</subfield>
</datafield>
<datafield tag="776" ind1="0" ind2="8">
<subfield code="i">Online version:</subfield>
<subfield code="a">Boriskovskii&#774;, P.I. (Pavel Iosifovich), 1911-1991.</subfield>
<subfield code="t">Drevnei&#774;shee proshloe chelovechestva.</subfield>
<subfield code="b">2-e izd., pererab. i dop.</subfield>
<subfield code="d">Leningrad : Nauka, Leningr. otd-nie, 1979</subfield>
<subfield code="w">(OCoLC)698058287</subfield>
</datafield>
<datafield tag="700" ind1="1" ind2=" ">
<subfield code="a">Leskov, Aleksandr Mikha&#301;lovich,</subfield>
<subfield code="e">former owner.</subfield>
<subfield code="5">NyNyUAW</subfield>
</datafield>
<datafield tag="740" ind1="0" ind2=" ">
<subfield code="a">Leskov Collection.</subfield>
<subfield code="5">NyNyUAW</subfield>
</datafield>
<datafield tag="880" ind1="1" ind2=" ">
<subfield code="6">100-01/</subfield>
<subfield code="a">&#1041;&#1086;&#1088;&#1080;&#1089;&#1082;&#1086;&#1074;&#1089;&#1082;&#1080;&#1081;, &#1055;. &#1048;.</subfield>
<subfield code="q">(&#1055;&#1072;&#1074;&#1077;&#1083; &#1048;&#1086;&#1089;&#1080;&#1092;&#1086;&#1074;&#1080;&#1095;),</subfield>
<subfield code="d">1911-1991,</subfield>
<subfield code="e">author.</subfield>
</datafield>
<datafield tag="880" ind1="1" ind2="0">
<subfield code="6">245-02/</subfield>
<subfield code="a">&#1044;&#1088;&#1077;&#1074;&#1085;&#1077;&#1081;&#1096;&#1077;&#1077; &#1087;&#1088;&#1086;&#1096;&#1083;&#1086;&#1077; &#1095;&#1077;&#1083;&#1086;&#1074;&#1077;&#1095;&#1077;&#1089;&#1090;&#1074;&#1072; /</subfield>
<subfield code="c">&#1055;.&#1048;. &#1041;&#1086;&#1088;&#1080;&#1089;&#1082;&#1086;&#1074;&#1089;&#1082;&#1080;&#1081;.</subfield>
</datafield>
<datafield tag="880" ind1=" " ind2=" ">
<subfield code="6">260-03/</subfield>
<subfield code="a">&#1051;&#1077;&#1085;&#1080;&#1085;&#1075;&#1088;&#1072;&#1076; :</subfield>
<subfield code="b">&#1053;&#1072;&#1091;&#1082;&#1072;, &#1051;&#1077;&#1085;&#1080;&#1085;&#1075;&#1088;. &#1086;&#1090;&#1076;-&#1085;&#1080;&#1077;,</subfield>
<subfield code="c">1979.</subfield>
</datafield>
<datafield tag="880" ind1=" " ind2=" ">
<subfield code="6">500-04/</subfield>
<subfield code="a">&#1040;t head of title: &#1040;&#1082;&#1072;&#1076;&#1077;&#1084;&#1080;&#1103; &#1085;&#1072;&#1091;&#1082; &#1057;&#1057;&#1057;&#1056;. &#1048;&#1085;&#1089;&#1090;&#1080;&#1090;&#1091;&#1090; &#1072;&#1088;&#1093;&#1077;&#1086;&#1083;&#1086;&#1075;&#1080;&#1080;.</subfield>
</datafield>
<datafield tag="880" ind1="2" ind2=" ">
<subfield code="6">710-05/</subfield>
<subfield code="a">&#1048;&#1085;&#1089;&#1090;&#1080;&#1090;&#1091;&#1090; &#1072;&#1088;&#1093;&#1077;&#1086;&#1083;&#1086;&#1075;&#1080;&#1080; (&#1040;&#1082;&#1072;&#1076;&#1077;&#1084;&#1080;&#1103; &#1085;&#1072;&#1091;&#1082; &#1057;&#1057;&#1057;&#1056;),</subfield>
<subfield code="e">issuing body.</subfield>
</datafield>
<datafield tag="OWN" ind1=" " ind2=" ">
<subfield code="a">GENERAL</subfield>
</datafield>
<datafield tag="AVA" ind1=" " ind2=" ">
<subfield code="a">NYU50</subfield>
<subfield code="b">NISAW</subfield>
<subfield code="c">Small Collection</subfield>
<subfield code="d">GN739 .B64 1979 Non-circulating</subfield>
<subfield code="e">unavailable</subfield>
<subfield code="t">Unavailable</subfield>
<subfield code="f">1</subfield>
<subfield code="g">1</subfield>
<subfield code="h">N</subfield>
<subfield code="i">0</subfield>
<subfield code="j">SMALL</subfield>
<subfield code="k">0</subfield>
</datafield>
</record>