<record xmlns="http://www.loc.gov/MARC21/slim" xmlns:xsi="http://www.w3.org/2001/XMLSchema-instance" xsi:schemaLocation="http://www.loc.gov/MARC21/slim http://www.loc.gov/standards/marcxml/schema/MARC21slim.xsd">
<leader>00000cam a2200673Ii 4500</leader>
<controlfield tag="FMT">BK</controlfield>
<controlfield tag="LDR">00000cam a2200673Ii 4500</controlfield>
<controlfield tag="001">005062230</controlfield>
<controlfield tag="003">OCoLC</controlfield>
<controlfield tag="005">20180706142529.0</controlfield>
<controlfield tag="008">170706m20149999un abdf bb    110 0 rus d</controlfield>
<datafield tag="020" ind1=" " ind2=" ">
<subfield code="a">9789666483815</subfield>
<subfield code="q">(vyp. 1)</subfield>
</datafield>
<datafield tag="020" ind1=" " ind2=" ">
<subfield code="a">9666483815</subfield>
<subfield code="q">(vyp. 1)</subfield>
</datafield>
<datafield tag="020" ind1=" " ind2=" ">
<subfield code="a">9785906813787</subfield>
<subfield code="q">(vyp. 2)</subfield>
</datafield>
<datafield tag="020" ind1=" " ind2=" ">
<subfield code="a">5906813780</subfield>
<subfield code="q">(vyp. 2)</subfield>
</datafield>
<datafield tag="020" ind1=" " ind2=" ">
<subfield code="a">9785990698819</subfield>
<subfield code="q">(vyp. 3)</subfield>
</datafield>
<datafield tag="020" ind1=" " ind2=" ">
<subfield code="a">599069881X</subfield>
<subfield code="q">(vyp. 3)</subfield>
</datafield>
<datafield tag="020" ind1=" " ind2=" ">
<subfield code="a">9785990698871</subfield>
<subfield code="q">(vyp. 4)</subfield>
</datafield>
<datafield tag="020" ind1=" " ind2=" ">
<subfield code="a">5990698879</subfield>
<subfield code="q">(vyp. 4)</subfield>
</datafield>
<datafield tag="020" ind1=" " ind2=" ">
<subfield code="a">9785950055072</subfield>
<subfield code="q">(vyp. 5)</subfield>
</datafield>
<datafield tag="020" ind1=" " ind2=" ">
<subfield code="a">5950055071</subfield>
<subfield code="q">(vyp. 5)</subfield>
</datafield>
<datafield tag="020" ind1=" " ind2=" ">
<subfield code="a">9785950055089</subfield>
<subfield code="q">(vyp. 6)</subfield>
</datafield>
<datafield tag="020" ind1=" " ind2=" ">
<subfield code="a">595005508X</subfield>
<subfield code="q">(vyp. 6)</subfield>
</datafield>
<datafield tag="035" ind1=" " ind2=" ">
<subfield code="a">(OCoLC)992977007</subfield>
</datafield>
<datafield tag="040" ind1=" " ind2=" ">
<subfield code="a">ZYU</subfield>
<subfield code="b">eng</subfield>
<subfield code="e">rda</subfield>
<subfield code="c">ZYU</subfield>
<subfield code="d">ZYU</subfield>
<subfield code="d">OCLCF</subfield>
<subfield code="d">OCLCQ</subfield>
<subfield code="d">ZYU</subfield>
</datafield>
<datafield tag="041" ind1="0" ind2=" ">
<subfield code="a">rus</subfield>
<subfield code="b">eng</subfield>
</datafield>
<datafield tag="043" ind1=" " ind2=" ">
<subfield code="a">e-un---</subfield>
</datafield>
<datafield tag="050" ind1=" " ind2="4">
<subfield code="a">GN772.22.U38</subfield>
<subfield code="b">I78 2014</subfield>
</datafield>
<datafield tag="079" ind1=" " ind2=" ">
<subfield code="a">(OCoLC)992977007</subfield>
</datafield>
<datafield tag="245" ind1="0" ind2="0">
<subfield code="6">880-01</subfield>
<subfield code="a">Istorii&#865;a i arkheologii&#865;a Kryma =</subfield>
<subfield code="b">History &amp; archaeology of the Crimea.</subfield>
</datafield>
<datafield tag="246" ind1="1" ind2="5">
<subfield code="a">History &amp; archaeology of the Crimea</subfield>
</datafield>
<datafield tag="264" ind1=" " ind2="1">
<subfield code="6">880-02</subfield>
<subfield code="3">v.1-2</subfield>
<subfield code="a">Simferopol&#697; :</subfield>
<subfield code="b">Biznes Inform. izdatel&#697;stvo,</subfield>
<subfield code="c">2014-</subfield>
</datafield>
<datafield tag="264" ind1="3" ind2="1">
<subfield code="6">880-03</subfield>
<subfield code="3">v.3-4</subfield>
<subfield code="a">Simferopol&#697; :</subfield>
<subfield code="b">Nasledie tysi&#865;acheleti&#301;</subfield>
</datafield>
<datafield tag="300" ind1=" " ind2=" ">
<subfield code="a">volumes :</subfield>
<subfield code="b">illustrations, maps, color illustrations ;</subfield>
<subfield code="c">30 cm</subfield>
</datafield>
<datafield tag="336" ind1=" " ind2=" ">
<subfield code="a">text</subfield>
<subfield code="b">txt</subfield>
<subfield code="2">rdacontent</subfield>
</datafield>
<datafield tag="337" ind1=" " ind2=" ">
<subfield code="a">unmediated</subfield>
<subfield code="b">n</subfield>
<subfield code="2">rdamedia</subfield>
</datafield>
<datafield tag="338" ind1=" " ind2=" ">
<subfield code="a">volume</subfield>
<subfield code="b">nc</subfield>
<subfield code="2">rdacarrier</subfield>
</datafield>
<datafield tag="546" ind1=" " ind2=" ">
<subfield code="a">Russian, with summaries in English.</subfield>
</datafield>
<datafield tag="500" ind1=" " ind2=" ">
<subfield code="6">880-04</subfield>
<subfield code="a">At head of title: Federal&#697;noe bi&#865;udzhetnoe uchrezhdenie nauki "Institut arkheologii Kryma RAN."</subfield>
</datafield>
<datafield tag="500" ind1=" " ind2=" ">
<subfield code="a">Vyp. I: Sbornik state&#301;, posvi&#865;ashchennykh 100-letii&#865;u so dni&#865;a rozhdenii&#865;a Olega Ivanovicha Dombrovskogo; vyp. 3: Sbornik state&#301;, posvi&#865;ashchennykh 60-letii&#865;u so dni&#865;a rozhdenii&#865;a Vadima Aleksandrovicha Kuta&#301;sova.</subfield>
</datafield>
<datafield tag="500" ind1=" " ind2=" ">
<subfield code="6">880-05</subfield>
<subfield code="a">"Nauchnoe izdanie"--Colophon.</subfield>
</datafield>
<datafield tag="500" ind1=" " ind2=" ">
<subfield code="a">Subtitles vary.</subfield>
</datafield>
<datafield tag="500" ind1=" " ind2=" ">
<subfield code="a">Editors vary.</subfield>
</datafield>
<datafield tag="504" ind1=" " ind2=" ">
<subfield code="a">Includes bibliographical references.</subfield>
</datafield>
<datafield tag="651" ind1=" " ind2="7">
<subfield code="a">Taurike Chersonesos.</subfield>
<subfield code="2">pleiades</subfield>
<subfield code="0">https://pleiades.stoa.org/places/226778</subfield>
<subfield code="5">NyNyUAW</subfield>
</datafield>
<datafield tag="651" ind1=" " ind2="0">
<subfield code="a">Crimea (Ukraine)</subfield>
<subfield code="x">Antiquities.</subfield>
</datafield>
<datafield tag="651" ind1=" " ind2="0">
<subfield code="a">Crimea (Ukraine)</subfield>
<subfield code="x">History.</subfield>
</datafield>
<datafield tag="650" ind1=" " ind2="0">
<subfield code="a">Excavations (Archaeology)</subfield>
<subfield code="z">Ukraine</subfield>
<subfield code="z">Crimea.</subfield>
</datafield>
<datafield tag="650" ind1=" " ind2="7">
<subfield code="a">Antiquities.</subfield>
<subfield code="2">fast</subfield>
<subfield code="0">(OCoLC)fst00810745</subfield>
</datafield>
<datafield tag="650" ind1=" " ind2="7">
<subfield code="a">Excavations (Archaeology)</subfield>
<subfield code="2">fast</subfield>
<subfield code="0">(OCoLC)fst00917564</subfield>
</datafield>
<datafield tag="651" ind1=" " ind2="7">
<subfield code="a">Ukraine</subfield>
<subfield code="z">Crimea.</subfield>
<subfield code="2">fast</subfield>
<subfield code="0">(OCoLC)fst01265017</subfield>
</datafield>
<datafield tag="655" ind1=" " ind2="7">
<subfield code="a">History.</subfield>
<subfield code="2">fast</subfield>
<subfield code="0">(OCoLC)fst01411628</subfield>
</datafield>
<datafield tag="700" ind1="1" ind2=" ">
<subfield code="6">880-06</subfield>
<subfield code="a">Dombrovski&#301;, O.</subfield>
<subfield code="q">(Oleg),</subfield>
<subfield code="e">honouree.</subfield>
</datafield>
<datafield tag="700" ind1="1" ind2=" ">
<subfield code="6">880-07</subfield>
<subfield code="a">Kuta&#301;sov, V. A.</subfield>
<subfield code="q">(Vadim Aleksandrovich),</subfield>
<subfield code="e">honouree.</subfield>
</datafield>
<datafield tag="880" ind1="0" ind2="0">
<subfield code="6">245-01/</subfield>
<subfield code="a">&#1048;&#1089;&#1090;&#1086;&#1088;&#1080;&#1103; &#1080; &#1072;&#1088;&#1093;&#1077;&#1086;&#1083;&#1086;&#1075;&#1080;&#1103; &#1050;&#1088;&#1099;&#1084;&#1072; =</subfield>
<subfield code="b">History &amp; archaeology of the Crimea.</subfield>
</datafield>
<datafield tag="880" ind1=" " ind2="1">
<subfield code="6">264-02/</subfield>
<subfield code="3">v.1-2</subfield>
<subfield code="a">&#1057;&#1080;&#1084;&#1092;&#1077;&#1088;&#1086;&#1087;&#1086;&#1083;&#1100; :</subfield>
<subfield code="b">&#1041;&#1080;&#1079;&#1085;&#1077;&#1089; &#1048;&#1085;&#1092;&#1086;&#1088;&#1084;. &#1080;&#1079;&#1076;&#1072;&#1090;&#1077;&#1083;&#1100;&#1089;&#1090;&#1074;&#1086;,</subfield>
<subfield code="c">2014-</subfield>
</datafield>
<datafield tag="880" ind1="3" ind2="1">
<subfield code="6">264-03/</subfield>
<subfield code="3">v.3-4</subfield>
<subfield code="a">&#1057;&#1080;&#1084;&#1092;&#1077;&#1088;&#1086;&#1087;&#1086;&#1083;&#1100; :</subfield>
<subfield code="b">&#1053;&#1072;&#1089;&#1083;&#1077;&#1076;&#1080;&#1077; &#1090;&#1099;&#1089;&#1103;&#1095;&#1077;&#1083;&#1077;&#1090;&#1080;&#1081;</subfield>
</datafield>
<datafield tag="880" ind1=" " ind2=" ">
<subfield code="6">500-04/</subfield>
<subfield code="a">At head of title: &#1060;&#1077;&#1076;&#1077;&#1088;&#1072;&#1083;&#1100;&#1085;&#1086;&#1077; &#1073;&#1102;&#1076;&#1078;&#1077;&#1090;&#1085;&#1086;&#1077; &#1091;&#1095;&#1088;&#1077;&#1078;&#1076;&#1077;&#1085;&#1080;&#1077; &#1085;&#1072;&#1091;&#1082;&#1080; "&#1048;&#1085;&#1089;&#1090;&#1080;&#1090;&#1091;&#1090; &#1072;&#1088;&#1093;&#1077;&#1086;&#1083;&#1086;&#1075;&#1080;&#1080; &#1050;&#1088;&#1099;&#1084;&#1072; &#1056;&#1040;&#1053;."</subfield>
</datafield>
<datafield tag="880" ind1=" " ind2=" ">
<subfield code="6">500-05/</subfield>
<subfield code="a">"&#1053;&#1072;&#1091;&#1095;&#1085;&#1086;&#1077; &#1080;&#1079;&#1076;&#1072;&#1085;&#1080;&#1077;"--Colophon.</subfield>
</datafield>
<datafield tag="880" ind1="1" ind2=" ">
<subfield code="6">700-06/</subfield>
<subfield code="a">&#1044;&#1086;&#1084;&#1073;&#1088;&#1086;&#1074;&#1089;&#1082;&#1080;&#1081;, &#1054;.</subfield>
<subfield code="q">(&#1054;&#1083;&#1077;&#1075;),</subfield>
<subfield code="e">honouree.</subfield>
</datafield>
<datafield tag="880" ind1="1" ind2=" ">
<subfield code="6">700-07/</subfield>
<subfield code="a">&#1050;&#1091;&#1090;&#1072;&#1081;&#1089;&#1086;&#1074;, &#1042;. &#1040;.</subfield>
<subfield code="q">(&#1042;&#1072;&#1076;&#1080;&#1084; &#1040;&#1083;&#1077;&#1082;&#1089;&#1072;&#1085;&#1076;&#1088;&#1086;&#1074;&#1080;&#1095;),</subfield>
<subfield code="e">honouree.</subfield>
</datafield>
<datafield tag="OWN" ind1=" " ind2=" ">
<subfield code="a">GENERAL</subfield>
</datafield>
<datafield tag="AVA" ind1=" " ind2=" ">
<subfield code="a">NYU50</subfield>
<subfield code="b">NISAW</subfield>
<subfield code="c">Large Collection</subfield>
<subfield code="d">GN772.22.U38 I78 2014 Non-circulating</subfield>
<subfield code="e">available</subfield>
<subfield code="t">Available</subfield>
<subfield code="f">5</subfield>
<subfield code="g">0</subfield>
<subfield code="h">Y</subfield>
<subfield code="i">0</subfield>
<subfield code="j">LARGE</subfield>
<subfield code="k">0</subfield>
</datafield>
</record>