<record xmlns="http://www.loc.gov/MARC21/slim" xmlns:xsi="http://www.w3.org/2001/XMLSchema-instance" xsi:schemaLocation="http://www.loc.gov/MARC21/slim http://www.loc.gov/standards/marcxml/schema/MARC21slim.xsd">
<leader>00000cam a2200733Ii 4500</leader>
<controlfield tag="FMT">BK</controlfield>
<controlfield tag="LDR">00000cam a2200733Ii 4500</controlfield>
<controlfield tag="001">006225424</controlfield>
<controlfield tag="003">OCoLC</controlfield>
<controlfield tag="005">20180711133642.0</controlfield>
<controlfield tag="008">180711s2018    enkab    b    001 0 eng d</controlfield>
<datafield tag="010" ind1=" " ind2=" ">
<subfield code="a">2017956457</subfield>
</datafield>
<datafield tag="020" ind1=" " ind2=" ">
<subfield code="a">1785706489</subfield>
</datafield>
<datafield tag="020" ind1=" " ind2=" ">
<subfield code="a">9781785706486</subfield>
</datafield>
<datafield tag="035" ind1=" " ind2=" ">
<subfield code="a">(OCoLC)962257036</subfield>
</datafield>
<datafield tag="040" ind1=" " ind2=" ">
<subfield code="a">YDX</subfield>
<subfield code="b">eng</subfield>
<subfield code="c">YDX</subfield>
<subfield code="d">CDX</subfield>
<subfield code="d">UWO</subfield>
<subfield code="d">OCLCF</subfield>
<subfield code="d">ZYU</subfield>
</datafield>
<datafield tag="043" ind1=" " ind2=" ">
<subfield code="a">e-gr---</subfield>
</datafield>
<datafield tag="050" ind1=" " ind2="4">
<subfield code="a">GN776.22.G8</subfield>
<subfield code="b">N45 2018</subfield>
</datafield>
<datafield tag="082" ind1="0" ind2="4">
<subfield code="a">938</subfield>
</datafield>
<datafield tag="245" ind1="0" ind2="0">
<subfield code="a">Neolithic Alepotrypa Cave in the Mani, Greece :</subfield>
<subfield code="b">in honor of George Papathanassopoulos /</subfield>
<subfield code="c">edited by A. Papathanasiou, W.A. Parkinson, D.J. Pullen, M.L. Galaty, and P. Karkanas.</subfield>
</datafield>
<datafield tag="264" ind1=" " ind2="1">
<subfield code="a">Oxford :</subfield>
<subfield code="b">Oxbow Books,</subfield>
<subfield code="c">2018.</subfield>
</datafield>
<datafield tag="300" ind1=" " ind2=" ">
<subfield code="a">435</subfield>
<subfield code="b">illustrations (some color), maps ;</subfield>
<subfield code="c">31 cm</subfield>
</datafield>
<datafield tag="336" ind1=" " ind2=" ">
<subfield code="a">text</subfield>
<subfield code="b">txt</subfield>
<subfield code="2">rdacontent</subfield>
</datafield>
<datafield tag="337" ind1=" " ind2=" ">
<subfield code="a">unmediated</subfield>
<subfield code="b">n</subfield>
<subfield code="2">rdamedia</subfield>
</datafield>
<datafield tag="338" ind1=" " ind2=" ">
<subfield code="a">volume</subfield>
<subfield code="b">nc</subfield>
<subfield code="2">rdacarrier</subfield>
</datafield>
<datafield tag="520" ind1="8" ind2=" ">
<subfield code="a">Alepotrypa Cave at Diros Bay, Lakonia, Greece, is a massive karstic formation of consecutive chambers ending at a lake. The cave was excavated by G. Papathanassopoulos from 1970 to 2006. In conjunction with the surrounding area, it was used as a complementary habitation area, burial site, and place for ceremonial activity during the Neolithic c 6000 to 3200 BC. As a sealed, single-component, archaeological site, the Neolithic settlement complex of Alepotrypa Cave is one of the richest sites in Greece and Europe in terms of number of artifacts, preservation of biological materials, volume of undisturbed deposits, and horizontal exposure of archaeological surfaces of past human activity and this publication is an important contribution to ongoing archaeological research of the Neolithic Age in Greece in particular, but also in Anatolia, the Balkans and Europe in general. This edited volume offers a full scholarly interdisciplinary study and interpretation of the results of approximately 40 years of excavation and analysis.0It includes numerous chemical analyses and a much needed long series of radiocarbon dates, the corresponding microstratigraphic, stratigraphic and ceramic sequence, the human burials, stone and bone tools, faunal and floral remains, isotopic analyses, specific locations of human activities and ceremonies inside the cave, as well as a site description and the history of the excavation conducted by G. Papathanasopoulos.</subfield>
</datafield>
<datafield tag="505" ind1="0" ind2="0">
<subfield code="t">Introduction /</subfield>
<subfield code="r">Anastasia Papathanasiou --</subfield>
<subfield code="t">Alepotrypa Cave : the site description and its cultural and chronological range /</subfield>
<subfield code="r">Anastasia Papathanasiou --</subfield>
<subfield code="t">Stratigraphy and site formation processes of Alepotrypa Cave /</subfield>
<subfield code="r">Panagiotis Karkanas --</subfield>
<subfield code="t">The stratigraphic and pottery sequence of Trench B1 at Alepotrypa Cave : a first approach to the investigation of ceramic and chronological assocations /</subfield>
<subfield code="r">Barbara Katsipanou-Margeli --</subfield>
<subfield code="t">When do the dead become dead? Mortuary projects from Ossuaries I and II, Alepotrypa Cave /</subfield>
<subfield code="r">Stella Katsarou --</subfield>
<subfield code="t">Pithoi with relief decoration from Alepotrypa Cave /</subfield>
<subfield code="r">George Valvis --</subfield>
<subfield code="t">The Alepotrypa Cave pottery assemblage : a ceramic petrology approach /</subfield>
<subfield code="r">Areti Pentedeka --</subfield>
<subfield code="t">The chipped stone industries of Alepotrypa Cave : a general presentation /</subfield>
<subfield code="r">Georgia Kourtessi-Philippakis --</subfield>
<subfield code="t">Macrolithics : ordinary things in an extraordinary place /</subfield>
<subfield code="r">Anna Stroulia --</subfield>
</datafield>
<datafield tag="505" ind1="8" ind2="0">
<subfield code="t">Patterns of exploitation and exchange : preliminary compositional results of the obsidian assemblage from Alepotrypa Cave /</subfield>
<subfield code="r">Danielle J. Riebe --</subfield>
<subfield code="t">Neolithic bone and antler artefacts from Alepotrypa Cave /</subfield>
<subfield code="r">Georgia Stratouli --</subfield>
<subfield code="t">The people of Alepotrypa /</subfield>
<subfield code="r">Anastasia Papathanasiou --</subfield>
<subfield code="r">The macrofaunal assemblage of Alepotrypa Cave /</subfield>
<subfield code="r">Angelos Hadjikoumis --</subfield>
<subfield code="t">Radiogenic strontium isotope results from the burials of Alepotrypa Cave /</subfield>
<subfield code="r">Julia I. Giblin --</subfield>
<subfield code="t">The plant remains from Alepotrypa Cave : use, discard and structured deposition /</subfield>
<subfield code="r">Evi Margaritis --</subfield>
<subfield code="t">The exploitation of marine animal resources at Alepotrypa Cave : harvesting strategies, management and uses /</subfield>
<subfield code="r">Tatiana Theodoropoulou --</subfield>
<subfield code="t">Phytolith analysis from the sediments of Alepotrypa Cave /</subfield>
<subfield code="r">Maria Ntinou --</subfield>
<subfield code="t">The microfauna from Alepotrypa Cave /</subfield>
<subfield code="r">Katerina Papayianni and Thomas Cucchi --</subfield>
<subfield code="t">Speleothems from Alepotrypa Cave : towards climate reconstruction /</subfield>
<subfield code="r">Meighan Boyd and Kathrin Holmgren --</subfield>
<subfield code="t">The Diros project, 2011-2013 : surface survey and site collection in Diros Bay /</subfield>
<subfield code="r">Daniel J. Pullen, Michael L. Galaty, William A. Parkinson, Wayne E. Lee, and Rebecca M. Seifried --</subfield>
<subfield code="t">An integrated assessment of Alepotrypa Cave /</subfield>
<subfield code="r">Anastasia Papathanasiou.</subfield>
</datafield>
<datafield tag="504" ind1=" " ind2=" ">
<subfield code="a">Includes bibliographical references.</subfield>
</datafield>
<datafield tag="650" ind1=" " ind2="0">
<subfield code="a">Excavations (Archaeology)</subfield>
<subfield code="z">Greece</subfield>
<subfield code="z">Alepotrypa Cave.</subfield>
</datafield>
<datafield tag="650" ind1=" " ind2="0">
<subfield code="a">Cave dwellings</subfield>
<subfield code="z">Greece.</subfield>
</datafield>
<datafield tag="650" ind1=" " ind2="0">
<subfield code="a">Neolithic period</subfield>
<subfield code="z">Greece.</subfield>
</datafield>
<datafield tag="651" ind1=" " ind2="0">
<subfield code="a">Alepotrypa Cave (Greece)</subfield>
</datafield>
<datafield tag="651" ind1=" " ind2="7">
<subfield code="a">Alepotrypa.</subfield>
<subfield code="2">pleiades</subfield>
<subfield code="0">https://pleiades.stoa.org/places/385804799</subfield>
</datafield>
<datafield tag="700" ind1="1" ind2=" ">
<subfield code="a">Papathanasiou, Anastasia,</subfield>
<subfield code="e">author,</subfield>
<subfield code="e">editor.</subfield>
</datafield>
<datafield tag="700" ind1="1" ind2=" ">
<subfield code="a">Parkinson, William A.,</subfield>
<subfield code="e">author,</subfield>
<subfield code="e">editor.</subfield>
</datafield>
<datafield tag="700" ind1="1" ind2=" ">
<subfield code="a">Pullen, Daniel J.,</subfield>
<subfield code="d">1954-</subfield>
<subfield code="e">editor.</subfield>
</datafield>
<datafield tag="700" ind1="1" ind2=" ">
<subfield code="a">Galaty, Michael L.,</subfield>
<subfield code="e">author,</subfield>
<subfield code="e">editor.</subfield>
</datafield>
<datafield tag="700" ind1="1" ind2=" ">
<subfield code="a">Karkanas, Panagi&#333;t&#275;s,</subfield>
<subfield code="e">author,</subfield>
<subfield code="e">editor.</subfield>
</datafield>
<datafield tag="700" ind1="1" ind2=" ">
<subfield code="a">Boyd, Meighan,</subfield>
<subfield code="d">1981-</subfield>
<subfield code="e">author.</subfield>
</datafield>
<datafield tag="700" ind1="1" ind2=" ">
<subfield code="a">Cucchi, Thomas</subfield>
<subfield code="c">(Zooarchaeologist)</subfield>
<subfield code="e">author.</subfield>
</datafield>
<datafield tag="700" ind1="1" ind2=" ">
<subfield code="a">Giblin, Julia I.,</subfield>
<subfield code="d">1983-</subfield>
<subfield code="e">author.</subfield>
</datafield>
<datafield tag="700" ind1="1" ind2=" ">
<subfield code="a">Hadjikoumis, Angelos.,</subfield>
<subfield code="e">author.</subfield>
</datafield>
<datafield tag="700" ind1="1" ind2=" ">
<subfield code="a">Holmgren, Karin,</subfield>
<subfield code="d">1959-</subfield>
<subfield code="e">author.</subfield>
</datafield>
<datafield tag="700" ind1="1" ind2=" ">
<subfield code="a">Katsarou, Stella,</subfield>
<subfield code="e">author.</subfield>
</datafield>
<datafield tag="700" ind1="1" ind2=" ">
<subfield code="a">Katsipanou-Margel&#275;, Varvara,</subfield>
<subfield code="e">author.</subfield>
</datafield>
<datafield tag="700" ind1="1" ind2=" ">
<subfield code="a">Kourtessi-Philippakis, Georgia,</subfield>
<subfield code="e">author.</subfield>
</datafield>
<datafield tag="700" ind1="1" ind2=" ">
<subfield code="a">Lee, Wayne E.,</subfield>
<subfield code="d">1965-</subfield>
<subfield code="e">author.</subfield>
</datafield>
<datafield tag="700" ind1="1" ind2=" ">
<subfield code="a">Margaritis, Evi</subfield>
<subfield code="c">(Archaeologist)</subfield>
<subfield code="e">author.</subfield>
</datafield>
<datafield tag="700" ind1="1" ind2=" ">
<subfield code="a">Ntinou, Maria,</subfield>
<subfield code="e">author.</subfield>
</datafield>
<datafield tag="700" ind1="1" ind2=" ">
<subfield code="a">Papayianni, Katerina</subfield>
<subfield code="c">(Archaeologist)</subfield>
<subfield code="e">author.</subfield>
</datafield>
<datafield tag="700" ind1="1" ind2=" ">
<subfield code="a">Pentedeka, Areti,</subfield>
<subfield code="e">author.</subfield>
</datafield>
<datafield tag="700" ind1="1" ind2=" ">
<subfield code="a">Psimogiannou, Aikaterini</subfield>
<subfield code="c">(Archaeologist)</subfield>
<subfield code="e">author.</subfield>
</datafield>
<datafield tag="700" ind1="1" ind2=" ">
<subfield code="a">Riebe, Danielle J.</subfield>
<subfield code="c">(Archaeologist)</subfield>
<subfield code="e">author.</subfield>
</datafield>
<datafield tag="700" ind1="1" ind2=" ">
<subfield code="a">Seifried, Rebecca M.</subfield>
<subfield code="c">(Archaeologist)</subfield>
<subfield code="e">author.</subfield>
</datafield>
<datafield tag="700" ind1="1" ind2=" ">
<subfield code="a">Stratouli, Georgia,</subfield>
<subfield code="e">author.</subfield>
</datafield>
<datafield tag="700" ind1="1" ind2=" ">
<subfield code="a">Stroulia, Anna,</subfield>
<subfield code="d">1966-</subfield>
<subfield code="e">author.</subfield>
</datafield>
<datafield tag="700" ind1="1" ind2=" ">
<subfield code="a">Theodoropoulou, Tatiana</subfield>
<subfield code="c">(Zooarchaeologist)</subfield>
<subfield code="e">author.</subfield>
</datafield>
<datafield tag="700" ind1="1" ind2=" ">
<subfield code="a">Tsartsidou, Georgia</subfield>
<subfield code="c">(Archaeologist)</subfield>
<subfield code="e">author.</subfield>
</datafield>
<datafield tag="700" ind1="1" ind2=" ">
<subfield code="a">Valvis, George</subfield>
<subfield code="c">(Archaeologist)</subfield>
<subfield code="e">author.</subfield>
</datafield>
<datafield tag="700" ind1="1" ind2=" ">
<subfield code="a">Papathanasopoulos, G.,</subfield>
<subfield code="e">honoree.</subfield>
</datafield>
<datafield tag="710" ind1="2" ind2=" ">
<subfield code="a">Shelby White and Leon Levy Program for Archaeological Publications (Firm),</subfield>
<subfield code="e">sponsoring body.</subfield>
</datafield>
<datafield tag="740" ind1="0" ind2=" ">
<subfield code="a">White-Levy Program Collection.</subfield>
<subfield code="5">NyNyUAW</subfield>
</datafield>
<datafield tag="740" ind1="0" ind2=" ">
<subfield code="a">WLP Collection.</subfield>
<subfield code="5">NyNyUAW</subfield>
</datafield>
<datafield tag="994" ind1=" " ind2=" ">
<subfield code="a">Z0</subfield>
<subfield code="b">ZYU</subfield>
</datafield>
<datafield tag="OWN" ind1=" " ind2=" ">
<subfield code="a">GENERAL</subfield>
</datafield>
<datafield tag="AVA" ind1=" " ind2=" ">
<subfield code="a">NYU50</subfield>
<subfield code="b">NISAW</subfield>
<subfield code="c">Large Collection</subfield>
<subfield code="d">GN776.22.G8 N45 2018 Non-circulating</subfield>
<subfield code="e">available</subfield>
<subfield code="t">Available</subfield>
<subfield code="f">1</subfield>
<subfield code="g">0</subfield>
<subfield code="h">N</subfield>
<subfield code="i">0</subfield>
<subfield code="j">LARGE</subfield>
<subfield code="k">0</subfield>
</datafield>
</record>