<record xmlns="http://www.loc.gov/MARC21/slim" xmlns:xsi="http://www.w3.org/2001/XMLSchema-instance" xsi:schemaLocation="http://www.loc.gov/MARC21/slim http://www.loc.gov/standards/marcxml/schema/MARC21slim.xsd">
<leader>00000cam a2200733 i 4500</leader>
<controlfield tag="FMT">BK</controlfield>
<controlfield tag="LDR">00000cam a2200733 i 4500</controlfield>
<controlfield tag="001">006225433</controlfield>
<controlfield tag="003">OCoLC</controlfield>
<controlfield tag="005">20180711144007.0</controlfield>
<controlfield tag="008">180711s2017    is abe   b    000 0 eng d</controlfield>
<datafield tag="020" ind1=" " ind2=" ">
<subfield code="a">9789652660626</subfield>
</datafield>
<datafield tag="020" ind1=" " ind2=" ">
<subfield code="a">9652660620</subfield>
</datafield>
<datafield tag="035" ind1=" " ind2=" ">
<subfield code="a">(OCoLC)1030807242</subfield>
</datafield>
<datafield tag="040" ind1=" " ind2=" ">
<subfield code="a">J9U</subfield>
<subfield code="b">eng</subfield>
<subfield code="e">rda</subfield>
<subfield code="c">J9U</subfield>
<subfield code="d">OCLCO</subfield>
<subfield code="d">ZYU</subfield>
</datafield>
<datafield tag="043" ind1=" " ind2=" ">
<subfield code="a">a-is---</subfield>
</datafield>
<datafield tag="050" ind1=" " ind2="4">
<subfield code="a">GN776.32.I75</subfield>
<subfield code="b">G68 2017</subfield>
</datafield>
<datafield tag="100" ind1="1" ind2=" ">
<subfield code="a">Gopher, Avi,</subfield>
<subfield code="e">author.</subfield>
</datafield>
<datafield tag="245" ind1="1" ind2="0">
<subfield code="a">Jacob Kaplan's excavations of protohistoric sites 1950s-1980s /</subfield>
<subfield code="c">Avi Gopher, Ram Gophna, Ruth Eyal and Yitzhak Paz ; with contributions by Hay Ashkenazi [and sixteen others].</subfield>
</datafield>
<datafield tag="264" ind1=" " ind2="1">
<subfield code="a">Winona Lake, Indiana :</subfield>
<subfield code="b">Eisenbrauns ;</subfield>
<subfield code="a">Tel Aviv :</subfield>
<subfield code="b">Emery and Claire Yass Publications in Archaeology, Tel Aviv University,</subfield>
<subfield code="c">2017.</subfield>
</datafield>
<datafield tag="300" ind1=" " ind2=" ">
<subfield code="a">2 volumes (volumes 1-2) :</subfield>
<subfield code="b">illustrations, maps, plans ;</subfield>
<subfield code="c">27 cm.</subfield>
</datafield>
<datafield tag="336" ind1=" " ind2=" ">
<subfield code="a">text</subfield>
<subfield code="b">txt</subfield>
<subfield code="2">rdacontent</subfield>
</datafield>
<datafield tag="336" ind1=" " ind2=" ">
<subfield code="a">still image</subfield>
<subfield code="b">sti</subfield>
<subfield code="2">rdacontent</subfield>
</datafield>
<datafield tag="337" ind1=" " ind2=" ">
<subfield code="a">unmediated</subfield>
<subfield code="b">n</subfield>
<subfield code="2">rdamedia</subfield>
</datafield>
<datafield tag="338" ind1=" " ind2=" ">
<subfield code="a">volume</subfield>
<subfield code="b">nc</subfield>
<subfield code="2">rdacarrier</subfield>
</datafield>
<datafield tag="490" ind1="1" ind2=" ">
<subfield code="a">Monograph series / Tel Aviv University. Sonia and Marco Nadler Institute of Archaeology ;</subfield>
<subfield code="v">36</subfield>
</datafield>
<datafield tag="504" ind1=" " ind2=" ">
<subfield code="a">Includes bibliographical references.</subfield>
</datafield>
<datafield tag="505" ind1="0" ind2="0">
<subfield code="g">Volume 1.</subfield>
<subfield code="t">Preface /</subfield>
<subfield code="r">Avi Gopher.</subfield>
<subfield code="g">Part 1.</subfield>
<subfield code="t">Jacob Kaplan's archaeological legacy.</subfield>
<subfield code="t">Introduction /</subfield>
<subfield code="r">Avi Gopher and Ruth Eyal --</subfield>
<subfield code="t">Kaplan and the Wadi Rabah culture : the discovery and search for its sources /</subfield>
<subfield code="r">Ram Gophna.</subfield>
<subfield code="g">Part 2.</subfield>
<subfield code="t">Pottery Neolithic sites.</subfield>
<subfield code="t">Kaplan's three seasons of excavation at Ha-Bashan Street, Tel Aviv (1950-1951) /</subfield>
<subfield code="r">Avi Gopher and Ruth Eyal --</subfield>
<subfield code="t">The Ritter-Kaplan excavation at Ha-Bashan (Bodenheimer) Street, Tel Aviv (1979) /</subfield>
<subfield code="r">Avi Gopher and Ruth Eyal --</subfield>
<subfield code="t">The archaeozoological finds from Ha-Bashan Street, Tel Aviv (1979) /</subfield>
<subfield code="r">Moshe Sade --</subfield>
<subfield code="t">Kaplan's excavations at Lod (1951-1952) /</subfield>
<subfield code="r">Avi Gopher and Ruth Eyal --</subfield>
<subfield code="t">The Yarmukian and Lodian/Jericho IX excavations of the pottery Neolithic period at Tel Lod : Layer VI of Area C, Neve Yaraq /</subfield>
<subfield code="r">Eli Yannai --</subfield>
<subfield code="t">The flint tool assemblage from strata VII-V of Area C at Tel Lod (Neve Yaraq) /</subfield>
<subfield code="r">Avi Gopher and David Gersht --</subfield>
<subfield code="t">Kaplan's excavation at Wadi Rabah (1952) /</subfield>
<subfield code="r">Avi Gopher and Ruth Eyal --</subfield>
<subfield code="t">Kaplan's excavations at Teluliyot Batashi (1955) /</subfield>
<subfield code="r">Avi Gopher and Ruth Eyal --</subfield>
<subfield code="g">Appendix :</subfield>
<subfield code="t">Faunal remains from Teluliyot Batashi /</subfield>
<subfield code="r">Moshe Sade.</subfield>
</datafield>
<datafield tag="505" ind1="8" ind2="0">
<subfield code="g">Volume 2.</subfield>
<subfield code="t">Looking north : Kaplan's excavations at Kefar Gil&#699;adi (1957 and 1962) /</subfield>
<subfield code="r">Avi Gopher and Ruth Eyal --</subfield>
<subfield code="g">Appendix A :</subfield>
<subfield code="t">Assemblages by excavated squares /</subfield>
<subfield code="r">Ruth Eyal and Avi Gopher --</subfield>
<subfield code="g">Appendix B :</subfield>
<subfield code="t">Archaeozoological finds from Kefar Gil&#699;adi /</subfield>
<subfield code="r">Moshe Sade --</subfield>
<subfield code="t">Renewed excavations at &#699;Ein Ruwei&#7717;ina (&#699;En Hashomer) : near Kaplan's excavation (2003) /</subfield>
<subfield code="r">Ofer Marder, Dmitry Yegorov and Howard Smithline --</subfield>
<subfield code="t">Hamadiya in the Central Jordan Valley : a Yarmukian pottery Neolithic site (1964) /</subfield>
<subfield code="r">Yosef Garfinkel, Talia Goldman, Danny Rosenberg, Anna Eirikh-Rose and Zinovi Matskevich --</subfield>
<subfield code="t">Pottery Neolithic (Yarmukian) faunal remains from Hamadiya /</subfield>
<subfield code="r">Liora Folska Horwitz --</subfield>
<subfield code="t">Kaplan's excavation at &#699;Ein el-Jarba (1966) /</subfield>
<subfield code="r">Katharina Streit, Rinat Favis and Yosef Garfinkel.</subfield>
</datafield>
<datafield tag="505" ind1="8" ind2="0">
<subfield code="g">Part 3.</subfield>
<subfield code="t">Chalcolithic and early Bronze Age sites.</subfield>
<subfield code="t">Excavations at Slaughterhouse Hill (Giv&#699;at Beit ha-Mitbahaim), Tel Aviv (1950, 1952) and Nordau Boulevard, Tel Aviv (1950) /</subfield>
<subfield code="r">Ram Gophna, Yitzhak Paz and Jacob Kaplan ; with a contribution by Eliot Braun --</subfield>
<subfield code="g">Appendix A :</subfield>
<subfield code="t">A note on the lithics of Slaughterhouse Hill /</subfield>
<subfield code="r">Avi Gopher --</subfield>
<subfield code="g">Appendix B :</subfield>
<subfield code="t">The archaozoological finds from Slaughterhouse Hill /</subfield>
<subfield code="r">Moshe Sade --</subfield>
<subfield code="t">Jabotinksy Street (Jamassin) excavations, Tel Aviv (1950-1951) /</subfield>
<subfield code="r">Jacob Kaplan, Ram Gophna and Yitzhak Paz --</subfield>
<subfield code="g">Appendix A :</subfield>
<subfield code="t">The lithic assemblage from Jabotinsky Street (Jamassin) /</subfield>
<subfield code="r">Avi Gopher --</subfield>
<subfield code="t">The early Bronze Age remains from Ha-Bashan Street, Tel Aviv (1950-1951) /</subfield>
<subfield code="r">Ram Gophna and Yitzhak Paz --</subfield>
<subfield code="t">Excavations at Rishpon 4, Tel Aviv (197801990) /</subfield>
<subfield code="r">Ram Gophna and Yitzhak Paz --</subfield>
<subfield code="g">Appendix :</subfield>
<subfield code="t">The lithic assemblage of Rishpon 4 /</subfield>
<subfield code="r">Avi Gopher --</subfield>
<subfield code="t">Early Bronze Age remains at Teluliyot Batashi (1955) /</subfield>
<subfield code="r">Ram Gophna and Yitzhak Paz --</subfield>
<subfield code="t">Chalcolithic and early Bronze Age groundstone tool assemblages from Kaplan's excavations in Tel Aviv /</subfield>
<subfield code="r">Danny Rosenberg --</subfield>
<subfield code="t">Summary : Chalcolithic sites in the vicinity of Tel Aviv and the settlement system in the western Ayalon Basin /</subfield>
<subfield code="r">Ram Gophna and Yitzhak Paz --</subfield>
<subfield code="t">Summary : early Bronze settlement in the western Yarqon-Ayalon Basins /</subfield>
<subfield code="r">Yitzhak Paz and Ram Gophna.</subfield>
<subfield code="g">Part 4.</subfield>
<subfield code="t">Overview.</subfield>
<subfield code="t">Discussiona nd summary of J. Kaplan's and H. Ritter-Kaplan's pottery Neolithic excavations /</subfield>
<subfield code="r">Avi Gopher and Ruth Eyal --</subfield>
<subfield code="t">Epilogue /</subfield>
<subfield code="r">Avi Gopher --</subfield>
<subfield code="g">Appendix to chapter 3 :</subfield>
<subfield code="t">Hafiro B'rehov ha-Bashan, Tel Aviv.</subfield>
</datafield>
<datafield tag="600" ind1="1" ind2="0">
<subfield code="a">Kaplan, Jacob,</subfield>
<subfield code="d">1908-1989.</subfield>
</datafield>
<datafield tag="600" ind1="1" ind2="0">
<subfield code="a">Ritter-Kaplan, Haya</subfield>
<subfield code="c">(Archaeologist)</subfield>
</datafield>
<datafield tag="651" ind1=" " ind2="0">
<subfield code="a">Tel Aviv (Israel)</subfield>
<subfield code="x">Antiquities.</subfield>
</datafield>
<datafield tag="651" ind1=" " ind2="0">
<subfield code="a">Israel</subfield>
<subfield code="x">Antiquities.</subfield>
</datafield>
<datafield tag="650" ind1=" " ind2="0">
<subfield code="a">Excavations (Archaeology)</subfield>
<subfield code="z">Israel</subfield>
<subfield code="x">History.</subfield>
</datafield>
<datafield tag="650" ind1=" " ind2="0">
<subfield code="a">Neolithic period</subfield>
<subfield code="z">Israel.</subfield>
</datafield>
<datafield tag="650" ind1=" " ind2="0">
<subfield code="a">Bronze age</subfield>
<subfield code="z">Israel.</subfield>
</datafield>
<datafield tag="651" ind1=" " ind2="7">
<subfield code="a">T&#7865;l &#550;viv.</subfield>
<subfield code="2">pleiades</subfield>
<subfield code="0">https://pleiades.stoa.org/places/464208933</subfield>
</datafield>
<datafield tag="651" ind1=" " ind2="7">
<subfield code="a">Palaestina.</subfield>
<subfield code="2">pleiades</subfield>
<subfield code="0">https://pleiades.stoa.org/places/687995</subfield>
</datafield>
<datafield tag="651" ind1=" " ind2="4">
<subfield code="a">Eretz Israel</subfield>
<subfield code="x">Antiquities.</subfield>
</datafield>
<datafield tag="650" ind1=" " ind2="4">
<subfield code="a">Excavations (Archaeology)</subfield>
<subfield code="z">Israel</subfield>
<subfield code="x">History.</subfield>
</datafield>
<datafield tag="700" ind1="1" ind2=" ">
<subfield code="a">Gophna, R.</subfield>
<subfield code="q">(Ram),</subfield>
<subfield code="e">author.</subfield>
</datafield>
<datafield tag="700" ind1="1" ind2=" ">
<subfield code="a">Eyal, Ruth</subfield>
<subfield code="c">(Archaeologist)</subfield>
<subfield code="e">author.</subfield>
</datafield>
<datafield tag="700" ind1="1" ind2=" ">
<subfield code="a">Paz, Yitzhak</subfield>
<subfield code="c">(Archaeologist)</subfield>
<subfield code="e">author.</subfield>
</datafield>
<datafield tag="700" ind1="1" ind2=" ">
<subfield code="a">Ashkenazi, Hay</subfield>
<subfield code="c">(Archaeologist)</subfield>
<subfield code="e">contributor.</subfield>
</datafield>
<datafield tag="700" ind1="1" ind2=" ">
<subfield code="a">Braun, Eliot,</subfield>
<subfield code="e">contributor.</subfield>
</datafield>
<datafield tag="700" ind1="1" ind2=" ">
<subfield code="a">Eirikh-Rose, Anna</subfield>
<subfield code="c">(Archaeologist)</subfield>
<subfield code="e">contributor.</subfield>
</datafield>
<datafield tag="700" ind1="1" ind2=" ">
<subfield code="a">Favis, Rinat</subfield>
<subfield code="c">(Archaeologist)</subfield>
<subfield code="e">contributor.</subfield>
</datafield>
<datafield tag="700" ind1="1" ind2=" ">
<subfield code="a">Garfinkel, Yosef,</subfield>
<subfield code="e">contributor.</subfield>
</datafield>
<datafield tag="700" ind1="1" ind2=" ">
<subfield code="a">Gersht, David</subfield>
<subfield code="c">(Archaeologist)</subfield>
<subfield code="e">contributor.</subfield>
</datafield>
<datafield tag="700" ind1="1" ind2=" ">
<subfield code="a">Goldman, Talia</subfield>
<subfield code="c">(Archaeologist)</subfield>
<subfield code="e">contributor.</subfield>
</datafield>
<datafield tag="700" ind1="1" ind2=" ">
<subfield code="a">Kaplan, Jacob,</subfield>
<subfield code="d">1908-1989,</subfield>
<subfield code="e">contributor.</subfield>
</datafield>
<datafield tag="700" ind1="1" ind2=" ">
<subfield code="a">Horwitz, Liora Kolska,</subfield>
<subfield code="e">contributor.</subfield>
</datafield>
<datafield tag="700" ind1="1" ind2=" ">
<subfield code="a">Marder, Ofer,</subfield>
<subfield code="e">contributor.</subfield>
</datafield>
<datafield tag="700" ind1="1" ind2=" ">
<subfield code="a">Matskevich, Zinovi</subfield>
<subfield code="c">(Archaeologist)</subfield>
<subfield code="e">contributor.</subfield>
</datafield>
<datafield tag="700" ind1="1" ind2=" ">
<subfield code="a">Rosenberg, Danny,</subfield>
<subfield code="e">contributor.</subfield>
</datafield>
<datafield tag="700" ind1="1" ind2=" ">
<subfield code="a">Sade, Moshe,</subfield>
<subfield code="d">1949-</subfield>
<subfield code="e">contributor.</subfield>
</datafield>
<datafield tag="700" ind1="1" ind2=" ">
<subfield code="a">Smithline, Howard</subfield>
<subfield code="c">(Archaeologist)</subfield>
<subfield code="e">contributor.</subfield>
</datafield>
<datafield tag="700" ind1="1" ind2=" ">
<subfield code="a">Streit, Katharina,</subfield>
<subfield code="d">1908-</subfield>
<subfield code="e">contributor.</subfield>
</datafield>
<datafield tag="700" ind1="1" ind2=" ">
<subfield code="a">Yannai, Eli,</subfield>
<subfield code="e">contributor.</subfield>
</datafield>
<datafield tag="700" ind1="1" ind2=" ">
<subfield code="a">Yegorov, Dmitry</subfield>
<subfield code="c">(Archaeologist)</subfield>
<subfield code="e">contributor.</subfield>
</datafield>
<datafield tag="710" ind1="2" ind2=" ">
<subfield code="a">Makhon le-arkhe&#700;ologyah &#699;a. sh. Sonyah u-Mar&#7731;o Nadler,</subfield>
<subfield code="e">issuing body.</subfield>
</datafield>
<datafield tag="710" ind1="2" ind2=" ">
<subfield code="a">Emery and Claire Yass Publications in Archaeology,</subfield>
<subfield code="e">issuing body.</subfield>
</datafield>
<datafield tag="710" ind1="2" ind2=" ">
<subfield code="a">Shelby White and Leon Levy Program for Archaeological Publications (Firm),</subfield>
<subfield code="e">sponsoring body.</subfield>
</datafield>
<datafield tag="740" ind1="0" ind2=" ">
<subfield code="a">White-Levy Program Collection.</subfield>
<subfield code="5">NyNyUAW</subfield>
</datafield>
<datafield tag="740" ind1="0" ind2=" ">
<subfield code="a">WLP Collection.</subfield>
<subfield code="5">NyNyUAW</subfield>
</datafield>
<datafield tag="751" ind1=" " ind2=" ">
<subfield code="a">Tel Aviv-Yafo (Israel)</subfield>
<subfield code="e">place of publication</subfield>
</datafield>
<datafield tag="830" ind1=" " ind2="0">
<subfield code="a">Monograph series (Makhon le-arkhe&#700;ologyah &#699;a. sh. Sonyah u-Mar&#7731;o Nadler) ;</subfield>
<subfield code="v">36.</subfield>
</datafield>
<datafield tag="994" ind1=" " ind2=" ">
<subfield code="a">Z0</subfield>
<subfield code="b">ZYU</subfield>
</datafield>
<datafield tag="OWN" ind1=" " ind2=" ">
<subfield code="a">GENERAL</subfield>
</datafield>
<datafield tag="AVA" ind1=" " ind2=" ">
<subfield code="a">NYU50</subfield>
<subfield code="b">NISAW</subfield>
<subfield code="c">Large Collection</subfield>
<subfield code="d">GN776.32.I75 G68 2017 Non-circulating</subfield>
<subfield code="e">available</subfield>
<subfield code="t">Available</subfield>
<subfield code="f">2</subfield>
<subfield code="g">0</subfield>
<subfield code="h">Y</subfield>
<subfield code="i">0</subfield>
<subfield code="j">LARGE</subfield>
<subfield code="k">0</subfield>
</datafield>
</record>