<record xmlns="http://www.loc.gov/MARC21/slim" xmlns:xsi="http://www.w3.org/2001/XMLSchema-instance" xsi:schemaLocation="http://www.loc.gov/MARC21/slim http://www.loc.gov/standards/marcxml/schema/MARC21slim.xsd">
<leader>00000cam a22     4a 4500</leader>
<controlfield tag="FMT">BK</controlfield>
<controlfield tag="LDR">00000cam a22     4a 4500</controlfield>
<controlfield tag="001">006255982</controlfield>
<controlfield tag="005">20180727125101.0</controlfield>
<controlfield tag="008">180727s2007    ru ab    b    000 0 rus</controlfield>
<datafield tag="010" ind1=" " ind2=" ">
<subfield code="a">  2008387672</subfield>
</datafield>
<datafield tag="020" ind1=" " ind2=" ">
<subfield code="a">5890761463</subfield>
<subfield code="q">(pbk.)</subfield>
</datafield>
<datafield tag="020" ind1=" " ind2=" ">
<subfield code="a">9785890761460</subfield>
<subfield code="q">(pbk.)</subfield>
</datafield>
<datafield tag="035" ind1=" " ind2=" ">
<subfield code="a">(OCoLC)181139480</subfield>
</datafield>
<datafield tag="040" ind1=" " ind2=" ">
<subfield code="a">DLC</subfield>
<subfield code="b">eng</subfield>
<subfield code="c">DLC</subfield>
<subfield code="d">EVIEW</subfield>
<subfield code="d">NDD</subfield>
<subfield code="d">GZM</subfield>
<subfield code="d">OCLCO</subfield>
<subfield code="d">OCLCF</subfield>
<subfield code="d">OCLCQ</subfield>
<subfield code="d">S3O</subfield>
<subfield code="d">OCLCQ</subfield>
<subfield code="d">ZYU</subfield>
</datafield>
<datafield tag="043" ind1=" " ind2=" ">
<subfield code="a">ak-----</subfield>
</datafield>
<datafield tag="050" ind1="0" ind2="0">
<subfield code="a">GN778.22.C375</subfield>
<subfield code="b">S55 2007</subfield>
</datafield>
<datafield tag="100" ind1="1" ind2=" ">
<subfield code="6">880-01</subfield>
<subfield code="a">Shishlina, N. I.,</subfield>
<subfield code="e">author.</subfield>
</datafield>
<datafield tag="245" ind1="1" ind2="0">
<subfield code="6">880-02</subfield>
<subfield code="a">Severo-Zapadny&#301; Prikaspi&#301; v &#279;pokhu bronzy :</subfield>
<subfield code="b">(V-III tysi&#865;acheletii&#865;a do n.&#279;.) /</subfield>
<subfield code="c">N.I. Shishlina.</subfield>
</datafield>
<datafield tag="260" ind1=" " ind2=" ">
<subfield code="6">880-03</subfield>
<subfield code="a">Moskva :</subfield>
<subfield code="b">Gos. istoricheski&#301; muze&#301;,</subfield>
<subfield code="c">2007.</subfield>
</datafield>
<datafield tag="300" ind1=" " ind2=" ">
<subfield code="a">400 pages :</subfield>
<subfield code="b">illustrations, maps ;</subfield>
<subfield code="c">30 cm.</subfield>
</datafield>
<datafield tag="336" ind1=" " ind2=" ">
<subfield code="a">text</subfield>
<subfield code="b">txt</subfield>
<subfield code="2">rdacontent</subfield>
</datafield>
<datafield tag="337" ind1=" " ind2=" ">
<subfield code="a">unmediated</subfield>
<subfield code="b">n</subfield>
<subfield code="2">rdamedia</subfield>
</datafield>
<datafield tag="338" ind1=" " ind2=" ">
<subfield code="a">volume</subfield>
<subfield code="b">nc</subfield>
<subfield code="2">rdacarrier</subfield>
</datafield>
<datafield tag="490" ind1="1" ind2=" ">
<subfield code="6">880-04</subfield>
<subfield code="a">Trudy Gosudarstvennogo istoricheskogo muzei&#865;a ;</subfield>
<subfield code="v">vyp. 165</subfield>
</datafield>
<datafield tag="500" ind1=" " ind2=" ">
<subfield code="6">880-05</subfield>
<subfield code="a">"Nauchnoe izdanie"--Ciolophon.</subfield>
</datafield>
<datafield tag="504" ind1=" " ind2=" ">
<subfield code="a">Includes bibliographical references (pages 346-363).</subfield>
</datafield>
<datafield tag="650" ind1=" " ind2="0">
<subfield code="a">Bronze age</subfield>
<subfield code="z">Caspian Sea Region.</subfield>
</datafield>
<datafield tag="650" ind1=" " ind2="0">
<subfield code="a">Antiquities, Prehistoric</subfield>
<subfield code="z">Caspian Sea Region.</subfield>
</datafield>
<datafield tag="651" ind1=" " ind2="0">
<subfield code="a">Caspian Sea Region</subfield>
<subfield code="x">Antiquities.</subfield>
</datafield>
<datafield tag="776" ind1="0" ind2="8">
<subfield code="i">Online version:</subfield>
<subfield code="a">Shishlina, N.I.</subfield>
<subfield code="t">Severo-Zapadny&#301; Prikaspi&#301; v &#279;pokhu bronzy.</subfield>
<subfield code="d">Moskva : Gos. istoricheski&#301; muze&#301;, 2007</subfield>
<subfield code="w">(OCoLC)706067209</subfield>
</datafield>
<datafield tag="880" ind1="1" ind2=" ">
<subfield code="6">100-01/</subfield>
<subfield code="a">&#1064;&#1080;&#1096;&#1083;&#1080;&#1085;&#1072;, &#1053;. &#1048;.,</subfield>
<subfield code="e">author,</subfield>
</datafield>
<datafield tag="880" ind1="1" ind2="0">
<subfield code="6">245-02/</subfield>
<subfield code="a">&#1057;&#1077;&#1074;&#1077;&#1088;&#1086;-&#1047;&#1072;&#1087;&#1072;&#1076;&#1085;&#1099;&#1081; &#1055;&#1088;&#1080;&#1082;&#1072;&#1089;&#1087;&#1080;&#1081; &#1074; &#1101;&#1087;&#1086;&#1093;&#1091; &#1073;&#1088;&#1086;&#1085;&#1079;&#1099; :</subfield>
<subfield code="b">(V-III &#1090;&#1099;&#1089;&#1103;&#1095;&#1077;&#1083;&#1077;&#1090;&#1080;&#1103; &#1076;&#1086; &#1085;.&#1101;.) /</subfield>
<subfield code="c">&#1053;.&#1048;. &#1064;&#1080;&#1096;&#1083;&#1080;&#1085;&#1072;.</subfield>
</datafield>
<datafield tag="880" ind1=" " ind2=" ">
<subfield code="6">260-03/</subfield>
<subfield code="a">&#1052;&#1086;&#1089;&#1082;&#1074;&#1072; :</subfield>
<subfield code="b">&#1043;&#1086;&#1089;. &#1080;&#1089;&#1090;&#1086;&#1088;&#1080;&#1095;&#1077;&#1089;&#1082;&#1080;&#1081; &#1084;&#1091;&#1079;&#1077;&#1081;,</subfield>
<subfield code="c">2007.</subfield>
</datafield>
<datafield tag="880" ind1="1" ind2=" ">
<subfield code="6">490-04/</subfield>
<subfield code="a">&#1058;&#1088;&#1091;&#1076;&#1099; &#1043;&#1086;&#1089;&#1091;&#1076;&#1072;&#1088;&#1089;&#1090;&#1074;&#1077;&#1085;&#1085;&#1086;&#1075;&#1086; &#1080;&#1089;&#1090;&#1086;&#1088;&#1080;&#1095;&#1077;&#1089;&#1082;&#1086;&#1075;&#1086; &#1084;&#1091;&#1079;&#1077;&#1103; ;</subfield>
<subfield code="v">&#1074;&#1099;&#1087;. 165</subfield>
</datafield>
<datafield tag="880" ind1=" " ind2=" ">
<subfield code="6">500-05/</subfield>
<subfield code="a">"&#1053;&#1072;&#1091;&#1095;&#1085;&#1086;&#1077; &#1080;&#1079;&#1076;&#1072;&#1085;&#1080;&#1077;"--Colophon.</subfield>
</datafield>
<datafield tag="830" ind1=" " ind2="0">
<subfield code="6">880-06</subfield>
<subfield code="a">Trudy Gosudarstvennogo istoricheskogo muzei&#865;a ;</subfield>
<subfield code="v">vyp. 165.</subfield>
</datafield>
<datafield tag="880" ind1=" " ind2="0">
<subfield code="6">830-06/</subfield>
<subfield code="a">&#1058;&#1088;&#1091;&#1076;&#1099; &#1043;&#1086;&#1089;&#1091;&#1076;&#1072;&#1088;&#1089;&#1090;&#1074;&#1077;&#1085;&#1085;&#1086;&#1075;&#1086; &#1080;&#1089;&#1090;&#1086;&#1088;&#1080;&#1095;&#1077;&#1089;&#1082;&#1086;&#1075;&#1086; &#1084;&#1091;&#1079;&#1077;&#1103; ; ;</subfield>
<subfield code="v">&#1074;&#1099;&#1087;. 165.</subfield>
</datafield>
<datafield tag="OWN" ind1=" " ind2=" ">
<subfield code="a">GENERAL</subfield>
</datafield>
<datafield tag="AVA" ind1=" " ind2=" ">
<subfield code="a">NYU50</subfield>
<subfield code="b">NISAW</subfield>
<subfield code="c">Large Collection</subfield>
<subfield code="d">GN778.22.C375 S55 2007 Non-circulating</subfield>
<subfield code="e">unavailable</subfield>
<subfield code="t">Unavailable</subfield>
<subfield code="f">1</subfield>
<subfield code="g">1</subfield>
<subfield code="h">N</subfield>
<subfield code="i">0</subfield>
<subfield code="j">LARGE</subfield>
<subfield code="k">0</subfield>
</datafield>
</record>