<record xmlns="http://www.loc.gov/MARC21/slim" xmlns:xsi="http://www.w3.org/2001/XMLSchema-instance" xsi:schemaLocation="http://www.loc.gov/MARC21/slim http://www.loc.gov/standards/marcxml/schema/MARC21slim.xsd">
<leader>00000cam a22     I  4500</leader>
<controlfield tag="FMT">BK</controlfield>
<controlfield tag="LDR">00000cam a22     I  4500</controlfield>
<controlfield tag="001">006225560</controlfield>
<controlfield tag="005">20180712125259.0</controlfield>
<controlfield tag="008">180712s1972    ru ab    b    000 0 rus</controlfield>
<datafield tag="010" ind1=" " ind2=" ">
<subfield code="a">   73330286</subfield>
</datafield>
<datafield tag="035" ind1=" " ind2=" ">
<subfield code="a">(OCoLC)12800786</subfield>
</datafield>
<datafield tag="040" ind1=" " ind2=" ">
<subfield code="a">DLC</subfield>
<subfield code="b">eng</subfield>
<subfield code="c">CLU</subfield>
<subfield code="d">OCLCQ</subfield>
<subfield code="d">OCLCG</subfield>
<subfield code="d">OCLCF</subfield>
<subfield code="d">OCLCO</subfield>
<subfield code="d">OCLCQ</subfield>
<subfield code="d">OCLCO</subfield>
<subfield code="d">ZYU</subfield>
</datafield>
<datafield tag="043" ind1=" " ind2=" ">
<subfield code="a">e-ru---</subfield>
</datafield>
<datafield tag="050" ind1=" " ind2="4">
<subfield code="a">GN778.22.R9</subfield>
<subfield code="b">S85 1972</subfield>
</datafield>
<datafield tag="100" ind1="1" ind2=" ">
<subfield code="6">880-01</subfield>
<subfield code="a">Stokolos, V. S.</subfield>
<subfield code="q">(Vladimir Savel&#697;evich),</subfield>
<subfield code="e">author.</subfield>
</datafield>
<datafield tag="245" ind1="1" ind2="0">
<subfield code="6">880-02</subfield>
<subfield code="a">Kul&#697;tura naselenii&#865;a bronzovogo veka I&#865;Uzhnogo Zaural&#697;i&#865;a :</subfield>
<subfield code="b">(khronologii&#865;a i periodizat&#865;sii&#865;a) /</subfield>
<subfield code="c">V.S. Stokolos.</subfield>
</datafield>
<datafield tag="260" ind1=" " ind2=" ">
<subfield code="6">880-03</subfield>
<subfield code="a">Moskva :</subfield>
<subfield code="b">"Nauka",</subfield>
<subfield code="c">1972.</subfield>
</datafield>
<datafield tag="300" ind1=" " ind2=" ">
<subfield code="a">168 pages :</subfield>
<subfield code="b">illustrations and maps,</subfield>
<subfield code="c">20 cm</subfield>
</datafield>
<datafield tag="336" ind1=" " ind2=" ">
<subfield code="a">text</subfield>
<subfield code="b">txt</subfield>
<subfield code="2">rdacontent</subfield>
</datafield>
<datafield tag="337" ind1=" " ind2=" ">
<subfield code="a">unmediated</subfield>
<subfield code="b">n</subfield>
<subfield code="2">rdamedia</subfield>
</datafield>
<datafield tag="338" ind1=" " ind2=" ">
<subfield code="a">volume</subfield>
<subfield code="b">nc</subfield>
<subfield code="2">rdacarrier</subfield>
</datafield>
<datafield tag="500" ind1=" " ind2=" ">
<subfield code="a">Romanized record.</subfield>
</datafield>
<datafield tag="500" ind1=" " ind2=" ">
<subfield code="a">ISAW copy is from the library of Aleksandr Leskov.</subfield>
<subfield code="5">NyNyUAW</subfield>
</datafield>
<datafield tag="500" ind1=" " ind2=" ">
<subfield code="6">880-04</subfield>
<subfield code="a">At head of title: Akademii&#865;a nauk SSSR. Bashkirski&#301; filial. Institut istorii, i&#865;azyka i literatury.</subfield>
</datafield>
<datafield tag="504" ind1=" " ind2=" ">
<subfield code="a">Includes bibliographical references.</subfield>
</datafield>
<datafield tag="650" ind1=" " ind2="0">
<subfield code="a">Bronze age</subfield>
<subfield code="z">Russia (Federation)</subfield>
<subfield code="z">Ural Mountains Region.</subfield>
</datafield>
<datafield tag="651" ind1=" " ind2="0">
<subfield code="a">Russia (Federation)</subfield>
<subfield code="x">Antiquities.</subfield>
</datafield>
<datafield tag="710" ind1="2" ind2=" ">
<subfield code="6">880-05</subfield>
<subfield code="a">Institut istorii, i&#865;azyka i literatury (Akademii&#865;a nauk SSSR. Bashkirski&#301; nauchny&#301; t&#865;sentr),</subfield>
<subfield code="e">issuing body.</subfield>
</datafield>
<datafield tag="776" ind1="0" ind2="8">
<subfield code="i">Online version:</subfield>
<subfield code="a">Stokolos, V.S. (Vladimir Savel&#697;evich).</subfield>
<subfield code="t">Kul&#697;tura naselenii&#865;a bronzovogo veka I&#865;Uzhnogo Zaural&#697;i&#865;a.</subfield>
<subfield code="d">Moskva, "Nauka", 1972</subfield>
<subfield code="w">(OCoLC)661924968</subfield>
</datafield>
<datafield tag="700" ind1="1" ind2=" ">
<subfield code="a">Leskov, Aleksandr Mikha&#301;lovich,</subfield>
<subfield code="e">former owner.</subfield>
<subfield code="5">NyNyUAW</subfield>
</datafield>
<datafield tag="740" ind1="0" ind2=" ">
<subfield code="a">Leskov Collection.</subfield>
<subfield code="5">NyNyUAW</subfield>
</datafield>
<datafield tag="880" ind1="1" ind2=" ">
<subfield code="6">100-01/</subfield>
<subfield code="a">&#1057;&#1090;&#1086;&#1082;&#1086;&#1083;&#1086;&#1089;, &#1042;. &#1057;.</subfield>
<subfield code="q">(&#1042;&#1083;&#1072;&#1076;&#1080;&#1084;&#1080;&#1088; &#1057;&#1072;&#1074;&#1077;&#1083;&#1100;&#1077;&#1074;&#1080;&#1095;),</subfield>
<subfield code="e">author.</subfield>
</datafield>
<datafield tag="880" ind1="1" ind2="0">
<subfield code="6">245-02/</subfield>
<subfield code="a">&#1050;&#1091;&#1083;&#1100;&#1090;&#1091;&#1088;&#1072; &#1085;&#1072;&#1089;&#1077;&#1083;&#1077;&#1085;&#1080;&#1103; &#1073;&#1088;&#1086;&#1085;&#1079;&#1086;&#1074;&#1086;&#1075;&#1086; &#1074;&#1077;&#1082;&#1072; &#1070;&#1078;&#1085;&#1086;&#1075;&#1086; &#1047;&#1072;&#1091;&#1088;&#1072;&#1083;&#1100;&#1103; :</subfield>
<subfield code="b">(x&#1088;&#1086;&#1085;&#1086;&#1083;&#1086;&#1075;&#1080;&#1103; &#1080; &#1087;&#1077;&#1088;&#1080;&#1086;&#1076;&#1080;&#1079;&#1072;&#1094;&#1080;&#1103;) /</subfield>
<subfield code="c">&#1057;&#1090;&#1086;&#1082;&#1086;&#1083;&#1086;&#1089;, &#1042;.&#1057;. &#1057;&#1090;&#1086;&#1082;&#1086;&#1083;&#1086;&#1089;.</subfield>
</datafield>
<datafield tag="880" ind1=" " ind2=" ">
<subfield code="6">260-03/</subfield>
<subfield code="a">&#1052;&#1086;&#1089;&#1082;&#1074;&#1072; :</subfield>
<subfield code="b">"&#1053;&#1072;&#1091;&#1082;&#1072;",</subfield>
<subfield code="c">1972.</subfield>
</datafield>
<datafield tag="880" ind1=" " ind2=" ">
<subfield code="6">500-04/</subfield>
<subfield code="a">&#1040;t head of title: &#1040;&#1082;&#1072;&#1076;&#1077;&#1084;&#1080;&#1103; &#1085;&#1072;&#1091;&#1082; &#1057;&#1057;&#1057;&#1056;. &#1041;&#1072;&#1096;&#1082;&#1080;&#1088;&#1089;&#1082;&#1080;&#1081; &#1092;&#1080;&#1083;&#1080;&#1072;&#1083;. &#1048;&#1085;&#1089;&#1090;&#1080;&#1090;&#1091;&#1090; &#1080;&#1089;&#1090;&#1086;&#1088;&#1080;&#1080;, &#1103;&#1079;&#1099;&#1082;&#1072; &#1080; &#1083;&#1080;&#1090;&#1077;&#1088;&#1072;&#1090;&#1091;&#1088;&#1099;.</subfield>
</datafield>
<datafield tag="880" ind1="2" ind2=" ">
<subfield code="6">710-05/</subfield>
<subfield code="a">&#1048;&#1085;&#1089;&#1090;&#1080;&#1090;&#1091;&#1090; &#1080;&#1089;&#1090;&#1086;&#1088;&#1080;&#1080;, &#1103;&#1079;&#1099;&#1082;&#1072; &#1080; &#1083;&#1080;&#1090;&#1077;&#1088;&#1072;&#1090;&#1091;&#1088;&#1099; (&#1040;&#1082;&#1072;&#1076;&#1077;&#1084;&#1080;&#1103; &#1085;&#1072;&#1091;&#1082; &#1057;&#1057;&#1057;&#1056;. &#1041;&#1072;&#1096;&#1082;&#1080;&#1088;&#1089;&#1082;&#1080;&#1081; &#1085;&#1072;&#1091;&#1095;&#1085;&#1099;&#1081; &#1094;&#1077;&#1085;&#1090;&#1088;),</subfield>
<subfield code="e">issuing body.</subfield>
</datafield>
<datafield tag="OWN" ind1=" " ind2=" ">
<subfield code="a">GENERAL</subfield>
</datafield>
<datafield tag="AVA" ind1=" " ind2=" ">
<subfield code="a">NYU50</subfield>
<subfield code="b">NISAW</subfield>
<subfield code="c">Small Collection</subfield>
<subfield code="d">GN778.22.R9 S85 1972 Non-circulating</subfield>
<subfield code="e">unavailable</subfield>
<subfield code="t">Unavailable</subfield>
<subfield code="f">1</subfield>
<subfield code="g">1</subfield>
<subfield code="h">N</subfield>
<subfield code="i">0</subfield>
<subfield code="j">SMALL</subfield>
<subfield code="k">0</subfield>
</datafield>
</record>