<record xmlns="http://www.loc.gov/MARC21/slim" xmlns:xsi="http://www.w3.org/2001/XMLSchema-instance" xsi:schemaLocation="http://www.loc.gov/MARC21/slim http://www.loc.gov/standards/marcxml/schema/MARC21slim.xsd">
<leader>00000cam a22     Ia 4500</leader>
<controlfield tag="FMT">BK</controlfield>
<controlfield tag="LDR">00000cam a22     Ia 4500</controlfield>
<controlfield tag="001">006251512</controlfield>
<controlfield tag="005">20180717132535.0</controlfield>
<controlfield tag="008">180717s1988    ru a     b    000 0 rusod</controlfield>
<datafield tag="035" ind1=" " ind2=" ">
<subfield code="a">(OCoLC)26186459</subfield>
</datafield>
<datafield tag="040" ind1=" " ind2=" ">
<subfield code="a">NOC</subfield>
<subfield code="b">eng</subfield>
<subfield code="c">NOC</subfield>
<subfield code="d">OCLCQ</subfield>
<subfield code="d">OCLCF</subfield>
<subfield code="d">OCLCQ</subfield>
<subfield code="d">OCLCO</subfield>
<subfield code="d">ZYU</subfield>
</datafield>
<datafield tag="043" ind1=" " ind2=" ">
<subfield code="a">a-kz---</subfield>
</datafield>
<datafield tag="050" ind1=" " ind2="4">
<subfield code="a">GN778.22.S65</subfield>
<subfield code="b">Z42 1988</subfield>
</datafield>
<datafield tag="100" ind1="1" ind2=" ">
<subfield code="6">880-01</subfield>
<subfield code="a">Zdanovich, G. B.,</subfield>
<subfield code="e">author.</subfield>
</datafield>
<datafield tag="245" ind1="1" ind2="0">
<subfield code="6">880-02</subfield>
<subfield code="a">Bronzovyi&#774; vek Uralo-Kazakhstanskikh stepei&#774; :</subfield>
<subfield code="b">osnovy periodizat&#65056;s&#65057;ii /</subfield>
<subfield code="c">G.B. Zdanovich.</subfield>
</datafield>
<datafield tag="260" ind1=" " ind2=" ">
<subfield code="6">880-03</subfield>
<subfield code="a">Sverdlovsk :</subfield>
<subfield code="b">Izd-vo Ural&#697;skogo universiteta,</subfield>
<subfield code="c">1988.</subfield>
</datafield>
<datafield tag="300" ind1=" " ind2=" ">
<subfield code="a">4</subfield>
<subfield code="b">illustrations ;</subfield>
<subfield code="c">23 cm</subfield>
</datafield>
<datafield tag="336" ind1=" " ind2=" ">
<subfield code="a">text</subfield>
<subfield code="b">txt</subfield>
<subfield code="2">rdacontent</subfield>
</datafield>
<datafield tag="337" ind1=" " ind2=" ">
<subfield code="a">unmediated</subfield>
<subfield code="b">n</subfield>
<subfield code="2">rdamedia</subfield>
</datafield>
<datafield tag="338" ind1=" " ind2=" ">
<subfield code="a">volume</subfield>
<subfield code="b">nc</subfield>
<subfield code="2">rdacarrier</subfield>
</datafield>
<datafield tag="500" ind1=" " ind2=" ">
<subfield code="a">ISAW copy is from the library of Aleksandr Leskov.</subfield>
<subfield code="5">NyNyUAW</subfield>
</datafield>
<datafield tag="504" ind1=" " ind2=" ">
<subfield code="a">Includes bibliographical references (pages 172-177).</subfield>
</datafield>
<datafield tag="650" ind1=" " ind2="0">
<subfield code="a">Bronze age</subfield>
<subfield code="z">Kazakhstan.</subfield>
</datafield>
<datafield tag="651" ind1=" " ind2="0">
<subfield code="a">Kazakhstan</subfield>
<subfield code="x">Antiquities.</subfield>
</datafield>
<datafield tag="776" ind1="0" ind2="8">
<subfield code="i">Online version:</subfield>
<subfield code="a">Zdanovich, G.B.</subfield>
<subfield code="t">Bronzovyi&#774; vek Uralo-Kazakhstanskikh stepei&#774;.</subfield>
<subfield code="d">Sverdlovsk : Izd-vo Ural&#697;skogo universiteta, 1988</subfield>
<subfield code="w">(OCoLC)654659520</subfield>
</datafield>
<datafield tag="700" ind1="1" ind2=" ">
<subfield code="a">Leskov, Aleksandr Mikha&#301;lovich,</subfield>
<subfield code="e">former owner.</subfield>
<subfield code="5">NyNyUAW</subfield>
</datafield>
<datafield tag="740" ind1="0" ind2=" ">
<subfield code="a">Leskov Collection.</subfield>
<subfield code="5">NyNyUAW</subfield>
</datafield>
<datafield tag="880" ind1="1" ind2=" ">
<subfield code="6">100-01/</subfield>
<subfield code="a">&#1047;&#1076;&#1072;&#1085;&#1086;&#1074;&#1080;&#1095;, &#1043;. &#1041;.,</subfield>
<subfield code="e">&#1072;uthor.</subfield>
</datafield>
<datafield tag="880" ind1="1" ind2="0">
<subfield code="6">245-02/</subfield>
<subfield code="a">&#1041;&#1088;&#1086;&#1085;&#1079;&#1086;&#1074;&#1099;&#1081; &#1074;&#1077;&#1082; &#1059;&#1088;&#1072;&#1083;&#1086;-&#1050;&#1072;&#1079;&#1072;&#1093;&#1089;&#1090;&#1072;&#1085;&#1089;&#1082;&#1080;&#1093; &#1089;&#1090;&#1077;&#1087;&#1077;&#1081; :</subfield>
<subfield code="b">&#1086;&#1089;&#1085;&#1086;&#1074;&#1099; &#1087;&#1077;&#1088;&#1080;&#1086;&#1076;&#1080;&#1079;&#1072;&#1094;&#1080;&#1080; /</subfield>
<subfield code="c">&#1043;.&#1041;. &#1047;&#1076;&#1072;&#1085;&#1086;&#1074;&#1080;&#1095;.</subfield>
</datafield>
<datafield tag="880" ind1=" " ind2=" ">
<subfield code="6">260-03/</subfield>
<subfield code="a">&#1057;&#1074;&#1077;&#1088;&#1076;&#1083;&#1086;&#1074;&#1089;&#1082; :</subfield>
<subfield code="b">&#1048;&#1079;&#1076;-&#1074;&#1086; &#1059;&#1088;&#1072;&#1083;&#1100;&#1089;&#1082;&#1086;&#1075;&#1086; &#1091;&#1085;&#1080;&#1074;&#1077;&#1088;&#1089;&#1080;&#1090;&#1077;&#1090;&#1072;,</subfield>
<subfield code="c">1988.</subfield>
</datafield>
<datafield tag="OWN" ind1=" " ind2=" ">
<subfield code="a">GENERAL</subfield>
</datafield>
<datafield tag="AVA" ind1=" " ind2=" ">
<subfield code="a">NYU50</subfield>
<subfield code="b">NISAW</subfield>
<subfield code="c">Small Collection</subfield>
<subfield code="d">GN778.22.S65 Z42 1988 Non-circulating</subfield>
<subfield code="e">unavailable</subfield>
<subfield code="t">Unavailable</subfield>
<subfield code="f">1</subfield>
<subfield code="g">1</subfield>
<subfield code="h">N</subfield>
<subfield code="i">0</subfield>
<subfield code="j">SMALL</subfield>
<subfield code="k">0</subfield>
</datafield>
</record>