<record xmlns="http://www.loc.gov/MARC21/slim" xmlns:xsi="http://www.w3.org/2001/XMLSchema-instance" xsi:schemaLocation="http://www.loc.gov/MARC21/slim http://www.loc.gov/standards/marcxml/schema/MARC21slim.xsd">
<leader>00000nam a22     Ii 4500</leader>
<controlfield tag="FMT">BK</controlfield>
<controlfield tag="LDR">00000nam a22     Ii 4500</controlfield>
<controlfield tag="001">006252993</controlfield>
<controlfield tag="005">20180719090204.0</controlfield>
<controlfield tag="008">180719s1975    ru            100 0 rusod</controlfield>
<datafield tag="035" ind1=" " ind2=" ">
<subfield code="a">(OCoLC)1044768304</subfield>
</datafield>
<datafield tag="040" ind1=" " ind2=" ">
<subfield code="a">ZYU</subfield>
<subfield code="b">eng</subfield>
<subfield code="e">rda</subfield>
<subfield code="c">ZYU</subfield>
</datafield>
<datafield tag="050" ind1=" " ind2="4">
<subfield code="a">GN823.A2</subfield>
<subfield code="b">R36 1975</subfield>
</datafield>
<datafield tag="245" ind1="0" ind2="0">
<subfield code="6">880-01</subfield>
<subfield code="a">Rannie kochevniki Srednei&#774; Azii i Kazakhstana :</subfield>
<subfield code="b">kratkie tezisy dokladov na konferent&#65056;s&#65057;ii noi&#65056;a&#65057;br&#697; 1975 g. /</subfield>
<subfield code="c">[otv. redaktor V.M. Masson].</subfield>
</datafield>
<datafield tag="260" ind1=" " ind2=" ">
<subfield code="6">880-02</subfield>
<subfield code="a">Leningrad :</subfield>
<subfield code="b">[publisher not identified],</subfield>
<subfield code="c">1975.</subfield>
</datafield>
<datafield tag="300" ind1=" " ind2=" ">
<subfield code="a">91 pages ;</subfield>
<subfield code="c">22 cm</subfield>
</datafield>
<datafield tag="336" ind1=" " ind2=" ">
<subfield code="a">text</subfield>
<subfield code="b">txt</subfield>
<subfield code="2">rdacontent</subfield>
</datafield>
<datafield tag="337" ind1=" " ind2=" ">
<subfield code="a">unmediated</subfield>
<subfield code="b">n</subfield>
<subfield code="2">rdamedia</subfield>
</datafield>
<datafield tag="338" ind1=" " ind2=" ">
<subfield code="a">volume</subfield>
<subfield code="b">nc</subfield>
<subfield code="2">rdacarrier</subfield>
</datafield>
<datafield tag="500" ind1=" " ind2=" ">
<subfield code="a">Conference proceedings.</subfield>
</datafield>
<datafield tag="500" ind1=" " ind2=" ">
<subfield code="6">880-03</subfield>
<subfield code="a">At head of title: Akademii&#65056;a&#65057; nauk SSSR, Leningradskoe otdelenie, Nauchnyi&#774; sovet po problemam arkheologii Srednei&#774; Azii i Kazakhstana</subfield>
</datafield>
<datafield tag="500" ind1=" " ind2=" ">
<subfield code="a">ISAW copy is from the library of Aleksandr Leskov.</subfield>
<subfield code="5">NyNyUAW</subfield>
</datafield>
<datafield tag="650" ind1=" " ind2="0">
<subfield code="a">Ethnology</subfield>
<subfield code="z">Russia (Federation)</subfield>
<subfield code="z">Siberia</subfield>
<subfield code="v">Congresses.</subfield>
</datafield>
<datafield tag="650" ind1=" " ind2="0">
<subfield code="a">Ethnology</subfield>
<subfield code="z">Kazakhstan</subfield>
<subfield code="v">Congresses.</subfield>
</datafield>
<datafield tag="650" ind1=" " ind2="0">
<subfield code="a">Nomads</subfield>
<subfield code="z">Russia (Federation)</subfield>
<subfield code="z">Siberia</subfield>
<subfield code="v">Congresses.</subfield>
</datafield>
<datafield tag="650" ind1=" " ind2="0">
<subfield code="a">Nomads</subfield>
<subfield code="z">Kazakhstan</subfield>
<subfield code="v">Congresses.</subfield>
</datafield>
<datafield tag="700" ind1="1" ind2=" ">
<subfield code="6">880-04</subfield>
<subfield code="a">Masson, V. M.</subfield>
<subfield code="q">(Vadim Mikhai&#774;lovich),</subfield>
<subfield code="d">1929-</subfield>
<subfield code="e">editor.</subfield>
</datafield>
<datafield tag="710" ind1="2" ind2=" ">
<subfield code="6">880-05</subfield>
<subfield code="a">Nauchnyi&#774; sovet po problemam arkheologii Srednei&#774; Azii i Kazakhstana (Akademii&#65056;a&#65057; nauk SSSR),</subfield>
<subfield code="e">issuing body.</subfield>
</datafield>
<datafield tag="700" ind1="1" ind2=" ">
<subfield code="a">Leskov, Aleksandr Mikha&#301;lovich,</subfield>
<subfield code="e">former owner.</subfield>
<subfield code="5">NyNyUAW</subfield>
</datafield>
<datafield tag="740" ind1="0" ind2=" ">
<subfield code="a">Leskov Collection.</subfield>
<subfield code="5">NyNyUAW</subfield>
</datafield>
<datafield tag="880" ind1="0" ind2="0">
<subfield code="6">245-01/</subfield>
<subfield code="a">&#1056;&#1072;&#1085;&#1085;&#1080;&#1077; &#1082;&#1086;&#1095;&#1077;&#1074;&#1085;&#1080;&#1082;&#1080; &#1057;&#1088;&#1077;&#1076;&#1085;&#1077;&#1081; &#1040;&#1079;&#1080;&#1080; &#1080; &#1050;&#1072;&#1079;&#1072;&#1093;&#1089;&#1090;&#1072;&#1085;&#1072; :</subfield>
<subfield code="b">&#1082;&#1088;&#1072;&#1090;&#1082;&#1080;&#1077; &#1090;&#1077;&#1079;&#1080;&#1089;&#1099; &#1076;&#1086;&#1082;&#1083;&#1072;&#1076;&#1086;&#1074; &#1085;&#1072; &#1082;&#1086;&#1085;&#1092;&#1077;&#1088;&#1077;&#1085;&#1094;&#1080;&#1080; &#1085;&#1086;&#1103;&#1073;&#1088;&#1100; 1975 &#1075;. /</subfield>
<subfield code="c">[&#1086;&#1090;&#1074;. &#1088;&#1077;&#1076;&#1072;&#1082;&#1090;&#1086;&#1088; &#1042;.&#1052;. &#1052;&#1072;&#1089;&#1089;&#1086;&#1085;].</subfield>
</datafield>
<datafield tag="880" ind1=" " ind2=" ">
<subfield code="6">260-02/</subfield>
<subfield code="a">&#1051;&#1077;&#1085;&#1080;&#1085;&#1075;&#1088;&#1072;&#1076; :</subfield>
<subfield code="b">[publisher not identified],</subfield>
<subfield code="c">1975.</subfield>
</datafield>
<datafield tag="880" ind1=" " ind2=" ">
<subfield code="6">500-03/</subfield>
<subfield code="a">&#1040;t head of title: &#1040;&#1082;&#1072;&#1076;&#1077;&#1084;&#1080;&#1103; &#1085;&#1072;&#1091;&#1082; &#1057;&#1057;&#1057;&#1056;, &#1051;&#1077;&#1085;&#1080;&#1085;&#1075;&#1088;&#1072;&#1076;&#1089;&#1082;&#1086;&#1077; &#1086;&#1090;&#1076;&#1077;&#1083;&#1077;&#1085;&#1080;&#1077;, &#1053;&#1072;&#1091;&#1095;&#1085;&#1099;&#1081; &#1089;&#1086;&#1074;&#1077;&#1090; &#1087;&#1086; &#1087;&#1088;&#1086;&#1073;&#1083;&#1077;&#1084;&#1072;&#1084; &#1072;&#1088;&#1093;&#1077;&#1086;&#1083;&#1086;&#1075;&#1080;&#1080; &#1057;&#1088;&#1077;&#1076;&#1085;&#1077;&#1081; &#1040;&#1079;&#1080;&#1080; &#1080; &#1050;&#1072;&#1079;&#1072;&#1093;&#1089;&#1090;&#1072;&#1085;&#1072;</subfield>
</datafield>
<datafield tag="880" ind1="1" ind2=" ">
<subfield code="6">700-04/</subfield>
<subfield code="a">&#1052;&#1072;&#1089;&#1089;&#1086;&#1085;, &#1042;. &#1052;.</subfield>
<subfield code="q">(&#1042;&#1072;&#1076;&#1080;&#1084; &#1052;&#1080;&#1093;&#1072;&#1081;&#1083;&#1086;&#1074;&#1080;&#1095;),</subfield>
<subfield code="d">1929-,</subfield>
<subfield code="e">editor.</subfield>
</datafield>
<datafield tag="880" ind1="2" ind2=" ">
<subfield code="6">710-05/</subfield>
<subfield code="a">&#1053;&#1072;&#1091;&#1095;&#1085;&#1099;&#1081; &#1089;&#1086;&#1074;&#1077;&#1090; &#1087;&#1086; &#1087;&#1088;&#1086;&#1073;&#1083;&#1077;&#1084;&#1072;&#1084; &#1072;&#1088;&#1093;&#1077;&#1086;&#1083;&#1086;&#1075;&#1080;&#1080; &#1057;&#1088;&#1077;&#1076;&#1085;&#1077;&#1081; &#1040;&#1079;&#1080;&#1080; &#1080; &#1050;&#1072;&#1079;&#1072;&#1093;&#1089;&#1090;&#1072;&#1085;&#1072; (&#1040;&#1082;&#1072;&#1076;&#1077;&#1084;&#1080;&#1103; &#1085;&#1072;&#1091;&#1082; &#1057;&#1057;&#1057;&#1056;),</subfield>
<subfield code="e">issuing body.</subfield>
</datafield>
<datafield tag="OWN" ind1=" " ind2=" ">
<subfield code="a">GENERAL</subfield>
</datafield>
<datafield tag="AVA" ind1=" " ind2=" ">
<subfield code="a">NYU50</subfield>
<subfield code="b">NISAW</subfield>
<subfield code="c">Small Collection</subfield>
<subfield code="d">GN823.A2 R36 1975 Non-circulating</subfield>
<subfield code="e">unavailable</subfield>
<subfield code="t">Unavailable</subfield>
<subfield code="f">1</subfield>
<subfield code="g">1</subfield>
<subfield code="h">N</subfield>
<subfield code="i">0</subfield>
<subfield code="j">SMALL</subfield>
<subfield code="k">0</subfield>
</datafield>
</record>