<record xmlns="http://www.loc.gov/MARC21/slim" xmlns:xsi="http://www.w3.org/2001/XMLSchema-instance" xsi:schemaLocation="http://www.loc.gov/MARC21/slim http://www.loc.gov/standards/marcxml/schema/MARC21slim.xsd">
<leader>00000nam a22     Ii 4500</leader>
<controlfield tag="FMT">BK</controlfield>
<controlfield tag="LDR">00000nam a22     Ii 4500</controlfield>
<controlfield tag="001">006256242</controlfield>
<controlfield tag="005">20180730092848.0</controlfield>
<controlfield tag="008">180730s2017    ru a     b    100 0 rus d</controlfield>
<datafield tag="020" ind1=" " ind2=" ">
<subfield code="a">9785919106296</subfield>
</datafield>
<datafield tag="020" ind1=" " ind2=" ">
<subfield code="a">5919106298</subfield>
</datafield>
<datafield tag="035" ind1=" " ind2=" ">
<subfield code="a">(OCoLC)1046634511</subfield>
</datafield>
<datafield tag="040" ind1=" " ind2=" ">
<subfield code="a">ZYU</subfield>
<subfield code="b">eng</subfield>
<subfield code="e">rda</subfield>
<subfield code="c">ZYU</subfield>
</datafield>
<datafield tag="050" ind1=" " ind2="4">
<subfield code="a">GN823.A2</subfield>
<subfield code="b">V76 2017</subfield>
</datafield>
<datafield tag="111" ind1="2" ind2=" ">
<subfield code="6">880-01</subfield>
<subfield code="a">Vserossi&#301;skai&#865;a (s mezhdunarodnym uchastiem) arkheologicheskai&#865;a konferent&#865;sii&#865;a</subfield>
<subfield code="d">(2017 :</subfield>
<subfield code="c">Astrakhan&#697;, Russia)</subfield>
</datafield>
<datafield tag="245" ind1="1" ind2="0">
<subfield code="6">880-02</subfield>
<subfield code="a">Voprosy intergrat&#865;sii arkheologicheskikh i istoricheskikh issledovani&#301; :</subfield>
<subfield code="b">Materialy Vserossi&#301;sko&#301; (s mezhdunarodnym uchastiem) arkheologichesko&#301; konferent&#865;sii (Astrakhan&#697;, 29 senti&#865;abri&#865;a - 01 okti&#865;abri&#865;a 2017 g.) /</subfield>
<subfield code="c">sost. i otv. red. D.V. Vasil&#697;ev.</subfield>
</datafield>
<datafield tag="264" ind1=" " ind2="1">
<subfield code="6">880-03</subfield>
<subfield code="a">Astrakhan&#697; :</subfield>
<subfield code="b">Izdatel&#697; Sorokin Roman Vasil&#697;evich,</subfield>
<subfield code="c">2017.</subfield>
</datafield>
<datafield tag="300" ind1=" " ind2=" ">
<subfield code="a">82 pages :</subfield>
<subfield code="b">illustrations,</subfield>
<subfield code="c">30 cm</subfield>
</datafield>
<datafield tag="336" ind1=" " ind2=" ">
<subfield code="a">text</subfield>
<subfield code="b">txt</subfield>
<subfield code="2">rdacontent</subfield>
</datafield>
<datafield tag="337" ind1=" " ind2=" ">
<subfield code="a">unmediated</subfield>
<subfield code="b">n</subfield>
<subfield code="2">rdamedia</subfield>
</datafield>
<datafield tag="338" ind1=" " ind2=" ">
<subfield code="a">volume</subfield>
<subfield code="b">nc</subfield>
<subfield code="2">rdacarrier</subfield>
</datafield>
<datafield tag="500" ind1=" " ind2=" ">
<subfield code="6">880-04</subfield>
<subfield code="a">At head of title: Ministerstvo obrazovanii&#865;a i nauki RF. Astrakhanski&#301; gosudarstvenny&#301; universitet. T&#865;sentr "Arkhelogii&#865;a Nizhnego Povolzh&#697;i&#865;a"</subfield>
</datafield>
<datafield tag="504" ind1=" " ind2=" ">
<subfield code="a">Includes bibliographical references.</subfield>
</datafield>
<datafield tag="650" ind1=" " ind2="0">
<subfield code="a">Excavations (Archaeology)</subfield>
<subfield code="z">Russia (Federation)</subfield>
<subfield code="v">Congresses.</subfield>
</datafield>
<datafield tag="651" ind1=" " ind2="0">
<subfield code="a">Russia (Federation)</subfield>
<subfield code="x">Antiquities</subfield>
<subfield code="v">Congresses.</subfield>
</datafield>
<datafield tag="650" ind1=" " ind2="0">
<subfield code="a">Cultural property</subfield>
<subfield code="z">Russia (Federation)</subfield>
</datafield>
<datafield tag="700" ind1="1" ind2=" ">
<subfield code="6">880-05</subfield>
<subfield code="a">Vasil&#697;ev, D. V.,</subfield>
<subfield code="e">compiler.</subfield>
</datafield>
<datafield tag="710" ind1="1" ind2=" ">
<subfield code="6">880-06</subfield>
<subfield code="a">Russia (Federation).</subfield>
<subfield code="b">Ministerstvo obrazovanii&#865;a i nauki,</subfield>
<subfield code="e">sponsoring body.</subfield>
</datafield>
<datafield tag="710" ind1="2" ind2=" ">
<subfield code="6">880-07</subfield>
<subfield code="a">Astrakhanski&#301; gosudarstvenny&#301; universitet,</subfield>
<subfield code="e">sponsoring body.</subfield>
</datafield>
<datafield tag="710" ind1="2" ind2=" ">
<subfield code="6">880-08</subfield>
<subfield code="a">T&#865;sentr "Arkheoglii&#865;a Nizhnego Povolzh&#697;i&#865;a",</subfield>
<subfield code="e">sponsoring body.</subfield>
</datafield>
<datafield tag="880" ind1="2" ind2=" ">
<subfield code="6">111-01/</subfield>
<subfield code="a">&#1042;&#1089;&#1077;&#1088;&#1086;&#1089;&#1089;&#1080;&#1081;&#1089;&#1082;&#1072;&#1103; (&#1089; &#1084;&#1077;&#1078;&#1076;&#1091;&#1085;&#1072;&#1088;&#1086;&#1076;&#1085;&#1099;&#1084; &#1091;&#1095;&#1072;&#1089;&#1090;&#1080;&#1077;&#1084;) &#1072;&#1088;&#1093;&#1077;&#1086;&#1083;&#1086;&#1075;&#1080;&#1095;&#1077;&#1089;&#1082;&#1072;&#1103; &#1082;&#1086;&#1085;&#1092;&#1077;&#1088;&#1077;&#1085;&#1094;&#1080;&#1103;</subfield>
<subfield code="d">(2017 :</subfield>
<subfield code="c">&#1040;&#1089;&#1090;&#1088;&#1072;&#1093;&#1072;&#1085;&#1100;, Russia)</subfield>
</datafield>
<datafield tag="880" ind1="1" ind2="0">
<subfield code="6">245-02/</subfield>
<subfield code="a">&#1042;&#1086;&#1087;&#1088;&#1086;&#1089;&#1099; &#1080;&#1085;&#1090;&#1077;&#1088;&#1075;&#1088;&#1072;&#1094;&#1080;&#1080; &#1072;&#1088;&#1093;&#1077;&#1086;&#1083;&#1086;&#1075;&#1080;&#1095;&#1077;&#1089;&#1082;&#1080;&#1093; &#1080; &#1080;&#1089;&#1090;&#1086;&#1088;&#1080;&#1095;&#1077;&#1089;&#1082;&#1080;&#1093; &#1080;&#1089;&#1089;&#1083;&#1077;&#1076;&#1086;&#1074;&#1072;&#1085;&#1080;&#1081; :</subfield>
<subfield code="b">&#1052;&#1072;&#1090;&#1077;&#1088;&#1080;&#1072;&#1083;&#1099; &#1042;&#1089;&#1077;&#1088;&#1086;&#1089;&#1089;&#1080;&#1081;&#1089;&#1082;&#1086;&#1081; (&#1089; &#1084;&#1077;&#1078;&#1076;&#1091;&#1085;&#1072;&#1088;&#1086;&#1076;&#1085;&#1099;&#1084; &#1091;&#1095;&#1072;&#1089;&#1090;&#1080;&#1077;&#1084;) &#1072;&#1088;&#1093;&#1077;&#1086;&#1083;&#1086;&#1075;&#1080;&#1095;&#1077;&#1089;&#1082;&#1086;&#1081; &#1082;&#1086;&#1085;&#1092;&#1077;&#1088;&#1077;&#1085;&#1094;&#1080;&#1080; (&#1040;&#1089;&#1090;&#1088;&#1072;&#1093;&#1072;&#1085;&#1100;, 29 &#1089;&#1077;&#1085;&#1090;&#1103;&#1073;&#1088;&#1103; - 01 &#1086;&#1082;&#1090;&#1103;&#1073;&#1088;&#1103; 2017 &#1075;.) /</subfield>
<subfield code="c">&#1089;&#1086;&#1089;&#1090;. &#1080; &#1086;&#1090;&#1074;. &#1088;&#1077;&#1076;. &#1044;.&#1042;. &#1042;&#1072;&#1089;&#1080;&#1083;&#1100;&#1077;&#1074;.</subfield>
</datafield>
<datafield tag="880" ind1=" " ind2="1">
<subfield code="6">264-03/</subfield>
<subfield code="a">&#1040;&#1089;&#1090;&#1088;&#1072;&#1093;&#1072;&#1085;&#1100; :</subfield>
<subfield code="b">&#1048;&#1079;&#1076;&#1072;&#1090;&#1077;&#1083;&#1100; &#1057;&#1086;&#1088;&#1086;&#1082;&#1080;&#1085; &#1056;&#1086;&#1084;&#1072;&#1085; &#1042;&#1072;&#1089;&#1080;&#1083;&#1100;&#1077;&#1074;&#1080;&#1095;,</subfield>
<subfield code="c">2017.</subfield>
</datafield>
<datafield tag="880" ind1=" " ind2=" ">
<subfield code="6">500-04/</subfield>
<subfield code="a">&#1040;t head of ftile: &#1052;&#1080;&#1085;&#1080;&#1089;&#1090;&#1077;&#1088;&#1089;&#1090;&#1074;&#1086; &#1086;&#1073;&#1088;&#1072;&#1079;&#1086;&#1074;&#1072;&#1085;&#1080;&#1103; &#1080; &#1085;&#1072;&#1091;&#1082;&#1080; &#1056;&#1060;. &#1040;&#1089;&#1090;&#1088;&#1072;&#1093;&#1072;&#1085;&#1089;&#1082;&#1080;&#1081; &#1075;&#1086;&#1089;&#1091;&#1076;&#1072;&#1088;&#1089;&#1090;&#1074;&#1077;&#1085;&#1085;&#1099;&#1081; &#1091;&#1085;&#1080;&#1074;&#1077;&#1088;&#1089;&#1080;&#1090;&#1077;&#1090;. &#1062;&#1077;&#1085;&#1090;&#1088; "&#1040;&#1088;&#1093;&#1077;&#1083;&#1086;&#1075;&#1080;&#1103; &#1053;&#1080;&#1078;&#1085;&#1077;&#1075;&#1086; &#1055;&#1086;&#1074;&#1086;&#1083;&#1078;&#1100;&#1103;"</subfield>
</datafield>
<datafield tag="880" ind1="1" ind2=" ">
<subfield code="6">700-05/</subfield>
<subfield code="a">&#1042;&#1072;&#1089;&#1080;&#1083;&#1100;&#1077;&#1074;, &#1044;. &#1042;.,</subfield>
<subfield code="e">compiler.</subfield>
</datafield>
<datafield tag="880" ind1="2" ind2=" ">
<subfield code="6">710-06/</subfield>
<subfield code="a">Russia (Federations).</subfield>
<subfield code="b">&#1052;&#1080;&#1085;&#1080;&#1089;&#1090;&#1077;&#1088;&#1089;&#1090;&#1074;&#1086; &#1086;&#1073;&#1088;&#1072;&#1079;&#1086;&#1074;&#1072;&#1085;&#1080;&#1103; &#1080; &#1085;&#1072;&#1091;&#1082;&#1080;,</subfield>
<subfield code="e">sponsoring body.</subfield>
</datafield>
<datafield tag="880" ind1="2" ind2=" ">
<subfield code="6">710-07/</subfield>
<subfield code="a">&#1040;&#1089;&#1090;&#1088;&#1072;&#1093;&#1072;&#1085;&#1089;&#1082;&#1080;&#1081; &#1075;&#1086;&#1089;&#1091;&#1076;&#1072;&#1088;&#1089;&#1090;&#1074;&#1077;&#1085;&#1085;&#1099;&#1081; &#1091;&#1085;&#1080;&#1074;&#1077;&#1088;&#1089;&#1080;&#1090;&#1077;&#1090;,</subfield>
<subfield code="e">sponsoring body.</subfield>
</datafield>
<datafield tag="880" ind1="2" ind2=" ">
<subfield code="6">710-08/</subfield>
<subfield code="a">&#1062;&#1077;&#1085;&#1090;&#1088; "&#1040;&#1088;&#1093;&#1077;&#1086;&#1075;&#1083;&#1080;&#1103; &#1053;&#1080;&#1078;&#1085;&#1077;&#1075;&#1086; &#1055;&#1086;&#1074;&#1086;&#1083;&#1078;&#1100;&#1103;",</subfield>
<subfield code="e">sponsoring body.</subfield>
</datafield>
<datafield tag="OWN" ind1=" " ind2=" ">
<subfield code="a">GENERAL</subfield>
</datafield>
<datafield tag="AVA" ind1=" " ind2=" ">
<subfield code="a">NYU50</subfield>
<subfield code="b">NISAW</subfield>
<subfield code="c">Large Collection</subfield>
<subfield code="d">GN823.A2 V76 2017 Non-circulating</subfield>
<subfield code="e">unavailable</subfield>
<subfield code="t">Unavailable</subfield>
<subfield code="f">1</subfield>
<subfield code="g">1</subfield>
<subfield code="h">N</subfield>
<subfield code="i">0</subfield>
<subfield code="j">LARGE</subfield>
<subfield code="k">0</subfield>
</datafield>
</record>