<record xmlns="http://www.loc.gov/MARC21/slim" xmlns:xsi="http://www.w3.org/2001/XMLSchema-instance" xsi:schemaLocation="http://www.loc.gov/MARC21/slim http://www.loc.gov/standards/marcxml/schema/MARC21slim.xsd">
<leader>00000cam a22     Ia 4500</leader>
<controlfield tag="FMT">BK</controlfield>
<controlfield tag="LDR">00000cam a22     Ia 4500</controlfield>
<controlfield tag="001">006225979</controlfield>
<controlfield tag="005">20180712141944.0</controlfield>
<controlfield tag="008">180712s1983    ru a     b    000 0 rusod</controlfield>
<datafield tag="035" ind1=" " ind2=" ">
<subfield code="a">(OCoLC)18822931</subfield>
</datafield>
<datafield tag="040" ind1=" " ind2=" ">
<subfield code="a">NOC</subfield>
<subfield code="b">eng</subfield>
<subfield code="c">NOC</subfield>
<subfield code="d">OCL</subfield>
<subfield code="d">OCLCQ</subfield>
<subfield code="d">CUY</subfield>
<subfield code="d">OCLCG</subfield>
<subfield code="d">OCLCQ</subfield>
<subfield code="d">OCLCO</subfield>
<subfield code="d">OCLCF</subfield>
<subfield code="d">ZYU</subfield>
</datafield>
<datafield tag="043" ind1=" " ind2=" ">
<subfield code="a">e-ru---</subfield>
</datafield>
<datafield tag="050" ind1=" " ind2="4">
<subfield code="a">GN824.D63</subfield>
<subfield code="b">A721 1983</subfield>
</datafield>
<datafield tag="082" ind1="0" ind2="4">
<subfield code="a">930.16094777</subfield>
</datafield>
<datafield tag="245" ind1="0" ind2="0">
<subfield code="6">880-01</subfield>
<subfield code="a">Arkheologicheskie pami&#65056;a&#65057;tniki lesostepnogo Podon&#697;i&#65056;a&#65057; i Podneprov&#697;i&#65056;a&#65057; I tysi&#65056;a&#65057;cheletii&#65056;a&#65057; n.e&#775;. :</subfield>
<subfield code="b">mezhvuzovskii&#774; sbornik nauchnykh trudov /</subfield>
<subfield code="c">[red. kollegii&#65056;a&#65057;: A.D. Pri&#65056;a&#65057;khin (otv. redaktor) and others].</subfield>
</datafield>
<datafield tag="260" ind1=" " ind2=" ">
<subfield code="6">880-02</subfield>
<subfield code="a">Voronezh :</subfield>
<subfield code="b">Izd-vo Voronezhskogo universiteta,</subfield>
<subfield code="c">1983.</subfield>
</datafield>
<datafield tag="300" ind1=" " ind2=" ">
<subfield code="a">141 pages :</subfield>
<subfield code="b">illustrations ;</subfield>
<subfield code="c">21 cm</subfield>
</datafield>
<datafield tag="336" ind1=" " ind2=" ">
<subfield code="a">text</subfield>
<subfield code="b">txt</subfield>
<subfield code="2">rdacontent</subfield>
</datafield>
<datafield tag="337" ind1=" " ind2=" ">
<subfield code="a">unmediated</subfield>
<subfield code="b">n</subfield>
<subfield code="2">rdamedia</subfield>
</datafield>
<datafield tag="338" ind1=" " ind2=" ">
<subfield code="a">volume</subfield>
<subfield code="b">nc</subfield>
<subfield code="2">rdacarrier</subfield>
</datafield>
<datafield tag="500" ind1=" " ind2=" ">
<subfield code="a">ISAW copy is from the library of Aleksandr Leskov.</subfield>
<subfield code="5">NyNyUAW</subfield>
</datafield>
<datafield tag="500" ind1=" " ind2=" ">
<subfield code="6">880-03</subfield>
<subfield code="a">At head of title: Voronezhskii&#774; ordena Lenina gosudarstvennyi&#774; universitet imeni Leninskogo komsomola.</subfield>
</datafield>
<datafield tag="504" ind1=" " ind2=" ">
<subfield code="a">Includes bibliographical references.</subfield>
</datafield>
<datafield tag="650" ind1=" " ind2="0">
<subfield code="a">Iron age</subfield>
<subfield code="z">Russia (Federation)</subfield>
<subfield code="z">Don River Valley.</subfield>
</datafield>
<datafield tag="650" ind1=" " ind2="0">
<subfield code="a">Iron age</subfield>
<subfield code="z">Russia (Federation)</subfield>
<subfield code="z">Dnieper River Valley.</subfield>
</datafield>
<datafield tag="651" ind1=" " ind2="0">
<subfield code="a">Don River Valley (Russia)</subfield>
<subfield code="x">Antiquities.</subfield>
</datafield>
<datafield tag="651" ind1=" " ind2="0">
<subfield code="a">Dnieper River Valley</subfield>
<subfield code="x">Antiquities.</subfield>
</datafield>
<datafield tag="700" ind1="1" ind2=" ">
<subfield code="6">880-04</subfield>
<subfield code="a">Pri&#65056;a&#65057;khin, A. D.</subfield>
<subfield code="q">(Anatolii&#774; Dmitrievich),</subfield>
<subfield code="e">editor.</subfield>
</datafield>
<datafield tag="710" ind1="2" ind2=" ">
<subfield code="6">880-05</subfield>
<subfield code="a">Voronezhskii&#774; gosudarstvennyi&#774; universitet imeni Leninskogo komsomola,</subfield>
<subfield code="e">issuing body.</subfield>
</datafield>
<datafield tag="776" ind1="0" ind2="8">
<subfield code="i">Online version:</subfield>
<subfield code="t">Arkheologicheskie pami&#65056;a&#65057;tniki lesostepnogo Podon&#697;i&#65056;a&#65057; i Podneprov&#697;i&#65056;a&#65057; I tysi&#65056;a&#65057;cheletii&#65056;a&#65057; n.e&#775;.</subfield>
<subfield code="d">Voronezh : Izd-vo Voronezhskogo universiteta, 1983</subfield>
<subfield code="w">(OCoLC)654485186</subfield>
</datafield>
<datafield tag="700" ind1="1" ind2=" ">
<subfield code="a">Leskov, Aleksandr Mikha&#301;lovich,</subfield>
<subfield code="e">former owner.</subfield>
<subfield code="5">NyNyUAW</subfield>
</datafield>
<datafield tag="740" ind1="0" ind2=" ">
<subfield code="a">Leskov Collection.</subfield>
<subfield code="5">NyNyUAW</subfield>
</datafield>
<datafield tag="880" ind1="0" ind2="0">
<subfield code="6">245-01/</subfield>
<subfield code="a">&#1040;&#1088;&#1093;&#1077;&#1086;&#1083;&#1086;&#1075;&#1080;&#1095;&#1077;&#1089;&#1082;&#1080;&#1077; &#1087;&#1072;&#1084;&#1103;&#1090;&#1085;&#1080;&#1082;&#1080; &#1083;&#1077;&#1089;&#1086;&#1089;&#1090;&#1077;&#1087;&#1085;&#1086;&#1075;&#1086; &#1055;&#1086;&#1076;&#1086;&#1085;&#1100;&#1103; &#1080; &#1055;&#1086;&#1076;&#1085;&#1077;&#1087;&#1088;&#1086;&#1074;&#1100;&#1103; &#1048; &#1090;&#1099;&#1089;&#1103;&#1095;&#1077;&#1083;&#1077;&#1090;&#1080;&#1103; &#1085;.&#1101;. :</subfield>
<subfield code="b">&#1084;&#1077;&#1078;&#1074;&#1091;&#1079;&#1086;&#1074;&#1089;&#1082;&#1080;&#1081; &#1089;&#1073;&#1086;&#1088;&#1085;&#1080;&#1082; &#1085;&#1072;&#1091;&#1095;&#1085;&#1099;&#1093; &#1090;&#1088;&#1091;&#1076;&#1086;&#1074; /</subfield>
<subfield code="c">[&#1088;&#1077;&#1076;. &#1082;&#1086;&#1083;&#1083;&#1077;&#1075;&#1080;&#1103;: &#1040;.&#1044;. &#1055;&#1088;&#1103;&#1093;&#1080;&#1085; (&#1086;&#1090;&#1074;. &#1088;&#1077;&#1076;&#1072;&#1082;&#1090;&#1086;&#1088;) and others].</subfield>
</datafield>
<datafield tag="880" ind1=" " ind2=" ">
<subfield code="6">260-02/</subfield>
<subfield code="a">&#1042;&#1086;&#1088;&#1086;&#1085;&#1077;&#1078; :</subfield>
<subfield code="b">&#1048;&#1079;&#1076;-&#1074;&#1086; &#1042;&#1086;&#1088;&#1086;&#1085;&#1077;&#1078;&#1089;&#1082;&#1086;&#1075;&#1086; &#1091;&#1085;&#1080;&#1074;&#1077;&#1088;&#1089;&#1080;&#1090;&#1077;&#1090;&#1072;,</subfield>
<subfield code="c">1983.</subfield>
</datafield>
<datafield tag="880" ind1=" " ind2=" ">
<subfield code="6">500-03/</subfield>
<subfield code="a">&#1040;t head of title: &#1042;&#1086;&#1088;&#1086;&#1085;&#1077;&#1078;&#1089;&#1082;&#1080;&#1081; &#1086;&#1088;&#1076;&#1077;&#1085;&#1072; &#1051;&#1077;&#1085;&#1080;&#1085;&#1072; &#1075;&#1086;&#1089;&#1091;&#1076;&#1072;&#1088;&#1089;&#1090;&#1074;&#1077;&#1085;&#1085;&#1099;&#1081; &#1091;&#1085;&#1080;&#1074;&#1077;&#1088;&#1089;&#1080;&#1090;&#1077;&#1090; &#1080;&#1084;&#1077;&#1085;&#1080; &#1051;&#1077;&#1085;&#1080;&#1085;&#1089;&#1082;&#1086;&#1075;&#1086; &#1082;&#1086;&#1084;&#1089;&#1086;&#1084;&#1086;&#1083;&#1072;.</subfield>
</datafield>
<datafield tag="880" ind1="1" ind2=" ">
<subfield code="6">700-04/</subfield>
<subfield code="a">&#1055;&#1088;&#1103;&#1093;&#1080;&#1085;, &#1040;. &#1044;.</subfield>
<subfield code="q">(&#1040;&#1085;&#1072;&#1090;&#1086;&#1083;&#1080;&#1081; &#1044;&#1084;&#1080;&#1090;&#1088;&#1080;&#1077;&#1074;&#1080;&#1095;),</subfield>
<subfield code="e">editor.</subfield>
</datafield>
<datafield tag="880" ind1="2" ind2=" ">
<subfield code="6">710-05/</subfield>
<subfield code="a">&#1042;&#1086;&#1088;&#1086;&#1085;&#1077;&#1078;&#1089;&#1082;&#1080;&#1081; &#1075;&#1086;&#1089;&#1091;&#1076;&#1072;&#1088;&#1089;&#1090;&#1074;&#1077;&#1085;&#1085;&#1099;&#1081; &#1091;&#1085;&#1080;&#1074;&#1077;&#1088;&#1089;&#1080;&#1090;&#1077;&#1090; &#1080;&#1084;&#1077;&#1085;&#1080; &#1051;&#1077;&#1085;&#1080;&#1085;&#1089;&#1082;&#1086;&#1075;&#1086; &#1082;&#1086;&#1084;&#1089;&#1086;&#1084;&#1086;&#1083;&#1072;,</subfield>
<subfield code="e">issuing body.</subfield>
</datafield>
<datafield tag="OWN" ind1=" " ind2=" ">
<subfield code="a">GENERAL</subfield>
</datafield>
<datafield tag="AVA" ind1=" " ind2=" ">
<subfield code="a">NYU50</subfield>
<subfield code="b">NISAW</subfield>
<subfield code="c">Small Collection</subfield>
<subfield code="d">GN824.D63 A721 1983 Non-circulating</subfield>
<subfield code="e">unavailable</subfield>
<subfield code="t">Unavailable</subfield>
<subfield code="f">1</subfield>
<subfield code="g">1</subfield>
<subfield code="h">N</subfield>
<subfield code="i">0</subfield>
<subfield code="j">SMALL</subfield>
<subfield code="k">0</subfield>
</datafield>
</record>