<record xmlns="http://www.loc.gov/MARC21/slim" xmlns:xsi="http://www.w3.org/2001/XMLSchema-instance" xsi:schemaLocation="http://www.loc.gov/MARC21/slim http://www.loc.gov/standards/marcxml/schema/MARC21slim.xsd">
<leader>00000cam a22     Ii 4500</leader>
<controlfield tag="FMT">BK</controlfield>
<controlfield tag="LDR">00000cam a22     Ii 4500</controlfield>
<controlfield tag="001">006255160</controlfield>
<controlfield tag="005">20180726085130.0</controlfield>
<controlfield tag="008">180726t20162016ru a     b    100 0 rusod</controlfield>
<datafield tag="020" ind1=" " ind2=" ">
<subfield code="a">9785763835618</subfield>
<subfield code="q">(v. 1 ;</subfield>
<subfield code="q">paperback)</subfield>
</datafield>
<datafield tag="020" ind1=" " ind2=" ">
<subfield code="a">5763835611</subfield>
<subfield code="q">(v. 1 ;</subfield>
<subfield code="q">paperback)</subfield>
</datafield>
<datafield tag="020" ind1=" " ind2=" ">
<subfield code="a">9785763835625</subfield>
<subfield code="q">(v. 2 ;</subfield>
<subfield code="q">paperback)</subfield>
</datafield>
<datafield tag="020" ind1=" " ind2=" ">
<subfield code="a">576383562X</subfield>
<subfield code="q">(v. 2 ;</subfield>
<subfield code="q">paperback)</subfield>
</datafield>
<datafield tag="020" ind1=" " ind2=" ">
<subfield code="a">9785763835205</subfield>
<subfield code="q">(set ;</subfield>
<subfield code="q">paperback)</subfield>
</datafield>
<datafield tag="020" ind1=" " ind2=" ">
<subfield code="a">5763835204</subfield>
<subfield code="q">(set ;</subfield>
<subfield code="q">paperback)</subfield>
</datafield>
<datafield tag="035" ind1=" " ind2=" ">
<subfield code="a">(OCoLC)1005079884</subfield>
</datafield>
<datafield tag="040" ind1=" " ind2=" ">
<subfield code="a">PUL</subfield>
<subfield code="b">eng</subfield>
<subfield code="e">rda</subfield>
<subfield code="c">PUL</subfield>
<subfield code="d">OCLCF</subfield>
<subfield code="d">OCLCO</subfield>
<subfield code="d">XFF</subfield>
<subfield code="d">ZYU</subfield>
</datafield>
<datafield tag="041" ind1="0" ind2=" ">
<subfield code="a">rus</subfield>
<subfield code="a">eng</subfield>
<subfield code="a">chi</subfield>
<subfield code="b">eng</subfield>
<subfield code="b">rus</subfield>
</datafield>
<datafield tag="043" ind1=" " ind2=" ">
<subfield code="a">e-ru---</subfield>
<subfield code="a">a-mp---</subfield>
<subfield code="a">a-cc---</subfield>
</datafield>
<datafield tag="050" ind1=" " ind2="4">
<subfield code="a">GN855.M65</subfield>
<subfield code="b">M495 2016</subfield>
</datafield>
<datafield tag="111" ind1="2" ind2=" ">
<subfield code="6">880-01</subfield>
<subfield code="a">Mezhdunarodnai&#865;a nauchnai&#865;a konferent&#865;sii&#865;a "Drevnie kul&#697;tury Mongolii, Ba&#301;kal&#697;sko&#301; Sibiri i Severnogo Kitai&#865;a"</subfield>
<subfield code="n">(7th :</subfield>
<subfield code="d">2016 :</subfield>
<subfield code="c">Krasnoi&#865;arsk, Russia)</subfield>
</datafield>
<datafield tag="245" ind1="1" ind2="0">
<subfield code="6">880-02</subfield>
<subfield code="a">Drevnie kul&#697;tury Mongolii, Ba&#301;kal&#697;sko&#301; Sibiri i Severnogo Kitai&#865;a :</subfield>
<subfield code="b">materialy VII Mezhdunarodno&#301; nauchno&#301; konferent&#865;sii, Krasnoi&#865;arsk, 3-7 okti&#865;abri&#865;a 2016 g. /</subfield>
<subfield code="c">otv. red. P.V. Mandryka.</subfield>
</datafield>
<datafield tag="246" ind1="1" ind2="1">
<subfield code="a">Ancient cultures of Mongolia, Baikal Siberia and Northern China</subfield>
</datafield>
<datafield tag="264" ind1=" " ind2="1">
<subfield code="6">880-03</subfield>
<subfield code="a">Krasnoi&#865;arsk :</subfield>
<subfield code="b">SFU,</subfield>
<subfield code="c">2016.</subfield>
</datafield>
<datafield tag="264" ind1=" " ind2="4">
<subfield code="c">&#169;2016</subfield>
</datafield>
<datafield tag="300" ind1=" " ind2=" ">
<subfield code="a">2 volumes :</subfield>
<subfield code="b">illustrations ;</subfield>
<subfield code="c">30 cm</subfield>
</datafield>
<datafield tag="336" ind1=" " ind2=" ">
<subfield code="a">text</subfield>
<subfield code="b">txt</subfield>
<subfield code="2">rdacontent</subfield>
</datafield>
<datafield tag="337" ind1=" " ind2=" ">
<subfield code="a">unmediated</subfield>
<subfield code="b">n</subfield>
<subfield code="2">rdamedia</subfield>
</datafield>
<datafield tag="338" ind1=" " ind2=" ">
<subfield code="a">volume</subfield>
<subfield code="b">nc</subfield>
<subfield code="2">rdacarrier</subfield>
</datafield>
<datafield tag="500" ind1=" " ind2=" ">
<subfield code="6">880-04</subfield>
<subfield code="a">Ministerstvo obrazovanii&#865;a i nauki Rossi&#301;sko&#301; Federat&#865;sii [and 12 others].</subfield>
</datafield>
<datafield tag="500" ind1=" " ind2=" ">
<subfield code="6">880-05</subfield>
<subfield code="a">"Nauchnoe izdanie"--Colophon.</subfield>
</datafield>
<datafield tag="504" ind1=" " ind2=" ">
<subfield code="a">Includes bibliographical references.</subfield>
</datafield>
<datafield tag="546" ind1=" " ind2=" ">
<subfield code="a">Articles in Russian, English, or Chinese; some articles have summaries in English or Russian.</subfield>
</datafield>
<datafield tag="650" ind1=" " ind2="0">
<subfield code="a">Excavations (Archaeology)</subfield>
<subfield code="z">Mongolia</subfield>
<subfield code="v">Congresses.</subfield>
</datafield>
<datafield tag="650" ind1=" " ind2="0">
<subfield code="a">Excavations (Archaeology)</subfield>
<subfield code="z">Russia (Federation)</subfield>
<subfield code="z">Transbaikalia</subfield>
<subfield code="v">Congresses.</subfield>
</datafield>
<datafield tag="651" ind1=" " ind2="0">
<subfield code="a">Mongolia</subfield>
<subfield code="x">Antiquities</subfield>
<subfield code="v">Congresses.</subfield>
</datafield>
<datafield tag="651" ind1=" " ind2="0">
<subfield code="a">Transbaikalia (Russia)</subfield>
<subfield code="x">Antiquities</subfield>
<subfield code="v">Congresses.</subfield>
</datafield>
<datafield tag="651" ind1=" " ind2="0">
<subfield code="a">China, Northwest</subfield>
<subfield code="x">Antiquities</subfield>
<subfield code="v">Congresses.</subfield>
</datafield>
<datafield tag="651" ind1=" " ind2="0">
<subfield code="a">Manchuria (China)</subfield>
<subfield code="x">Antiquities</subfield>
<subfield code="v">Congresses.</subfield>
</datafield>
<datafield tag="700" ind1="1" ind2=" ">
<subfield code="6">880-06</subfield>
<subfield code="a">Mandryka, P. V.</subfield>
<subfield code="q">(Pavel Vladimirovich),</subfield>
<subfield code="e">editor.</subfield>
</datafield>
<datafield tag="710" ind1="1" ind2=" ">
<subfield code="6">880-07</subfield>
<subfield code="a">Russia (Federation).</subfield>
<subfield code="b">Ministerstvo obrazovanii&#865;a i nauki,</subfield>
<subfield code="e">issuing body.</subfield>
</datafield>
<datafield tag="880" ind1="2" ind2=" ">
<subfield code="6">111-01/</subfield>
<subfield code="a">&#1052;&#1077;&#1078;&#1076;&#1091;&#1085;&#1072;&#1088;&#1086;&#1076;&#1085;&#1072;&#1103; &#1085;&#1072;&#1091;&#1095;&#1085;&#1072;&#1103; &#1082;&#1086;&#1085;&#1092;&#1077;&#1088;&#1077;&#1085;&#1094;&#1080;&#1103; "&#1044;&#1088;&#1077;&#1074;&#1085;&#1080;&#1077; &#1082;&#1091;&#1083;&#1100;&#1090;&#1091;&#1088;&#1099; &#1052;&#1086;&#1085;&#1075;&#1086;&#1083;&#1080;&#1080;, &#1041;&#1072;&#1081;&#1082;&#1072;&#1083;&#1100;&#1089;&#1082;&#1086;&#1081; &#1057;&#1080;&#1073;&#1080;&#1088;&#1080; &#1080; &#1057;&#1077;&#1074;&#1077;&#1088;&#1085;&#1086;&#1075;&#1086; &#1050;&#1080;&#1090;&#1072;&#1103;"</subfield>
<subfield code="n">(7th :</subfield>
<subfield code="d">2016 :</subfield>
<subfield code="c">&#1050;&#1088;&#1072;&#1089;&#1085;&#1086;&#1103;&#1088;&#1089;&#1082;, Russia)</subfield>
</datafield>
<datafield tag="880" ind1="1" ind2="0">
<subfield code="6">245-02/</subfield>
<subfield code="a">&#1044;&#1088;&#1077;&#1074;&#1085;&#1080;&#1077; &#1082;&#1091;&#1083;&#1100;&#1090;&#1091;&#1088;&#1099; &#1052;&#1086;&#1085;&#1075;&#1086;&#1083;&#1080;&#1080;, &#1041;&#1072;&#1081;&#1082;&#1072;&#1083;&#1100;&#1089;&#1082;&#1086;&#1081; &#1057;&#1080;&#1073;&#1080;&#1088;&#1080; &#1080; &#1057;&#1077;&#1074;&#1077;&#1088;&#1085;&#1086;&#1075;&#1086; &#1050;&#1080;&#1090;&#1072;&#1103; :</subfield>
<subfield code="b">&#1084;&#1072;&#1090;&#1077;&#1088;&#1080;&#1072;&#1083;&#1099; VII &#1052;&#1077;&#1078;&#1076;&#1091;&#1085;&#1072;&#1088;&#1086;&#1076;&#1085;&#1086;&#1081; &#1085;&#1072;&#1091;&#1095;&#1085;&#1086;&#1081; &#1082;&#1086;&#1085;&#1092;&#1077;&#1088;&#1077;&#1085;&#1094;&#1080;&#1080;, &#1050;&#1088;&#1072;&#1089;&#1085;&#1086;&#1103;&#1088;&#1089;&#1082;, 3-7 &#1086;&#1082;&#1090;&#1103;&#1073;&#1088;&#1103; 2016 &#1075;. /</subfield>
<subfield code="c">&#1086;&#1090;&#1074;. &#1088;&#1077;&#1076;. &#1055;.&#1042;. &#1052;&#1072;&#1085;&#1076;&#1088;&#1099;&#1082;&#1072;.</subfield>
</datafield>
<datafield tag="880" ind1=" " ind2="1">
<subfield code="6">264-03/</subfield>
<subfield code="a">&#1050;&#1088;&#1072;&#1089;&#1085;&#1086;&#1103;&#1088;&#1089;&#1082; :</subfield>
<subfield code="b">&#1057;&#1060;&#1059;,</subfield>
<subfield code="c">2016.</subfield>
</datafield>
<datafield tag="880" ind1=" " ind2=" ">
<subfield code="6">500-04/</subfield>
<subfield code="a">&#1052;&#1080;&#1085;&#1080;&#1089;&#1090;&#1077;&#1088;&#1089;&#1090;&#1074;&#1086; &#1086;&#1073;&#1088;&#1072;&#1079;&#1086;&#1074;&#1072;&#1085;&#1080;&#1103; &#1080; &#1085;&#1072;&#1091;&#1082;&#1080; &#1056;&#1086;&#1089;&#1089;&#1080;&#1081;&#1089;&#1082;&#1086;&#1081; &#1060;&#1077;&#1076;&#1077;&#1088;&#1072;&#1094;&#1080;&#1080; [and 12 others].</subfield>
</datafield>
<datafield tag="880" ind1=" " ind2=" ">
<subfield code="6">500-05/</subfield>
<subfield code="a">"&#1053;&#1072;&#1091;&#1095;&#1085;&#1086;&#1077; &#1080;&#1079;&#1076;&#1072;&#1085;&#1080;&#1077;"--Colophon.</subfield>
</datafield>
<datafield tag="880" ind1="1" ind2=" ">
<subfield code="6">700-06/</subfield>
<subfield code="a">&#1052;&#1072;&#1085;&#1076;&#1088;&#1099;&#1082;&#1072;, &#1055;. &#1042;.</subfield>
<subfield code="q">(&#1055;&#1072;&#1074;&#1077;&#1083; &#1042;&#1083;&#1072;&#1076;&#1080;&#1084;&#1080;&#1088;&#1086;&#1074;&#1080;&#1095;),</subfield>
<subfield code="e">editor.</subfield>
</datafield>
<datafield tag="880" ind1="1" ind2=" ">
<subfield code="6">710-07/</subfield>
<subfield code="a">Russia (Federation).</subfield>
<subfield code="b">&#1052;&#1080;&#1085;&#1080;&#1089;&#1090;&#1077;&#1088;&#1089;&#1090;&#1074;&#1086; &#1086;&#1073;&#1088;&#1072;&#1079;&#1086;&#1074;&#1072;&#1085;&#1080;&#1103; &#1080; &#1085;&#1072;&#1091;&#1082;&#1080;,</subfield>
<subfield code="e">issuing body.</subfield>
</datafield>
<datafield tag="OWN" ind1=" " ind2=" ">
<subfield code="a">GENERAL</subfield>
</datafield>
<datafield tag="AVA" ind1=" " ind2=" ">
<subfield code="a">NYU50</subfield>
<subfield code="b">NISAW</subfield>
<subfield code="c">Large Collection</subfield>
<subfield code="d">GN855.M65 M495 2016 Non-circulating</subfield>
<subfield code="e">unavailable</subfield>
<subfield code="t">Unavailable</subfield>
<subfield code="f">2</subfield>
<subfield code="g">2</subfield>
<subfield code="h">Y</subfield>
<subfield code="i">0</subfield>
<subfield code="j">LARGE</subfield>
<subfield code="k">0</subfield>
</datafield>
</record>