<record xmlns="http://www.loc.gov/MARC21/slim" xmlns:xsi="http://www.w3.org/2001/XMLSchema-instance" xsi:schemaLocation="http://www.loc.gov/MARC21/slim http://www.loc.gov/standards/marcxml/schema/MARC21slim.xsd">
<leader>00000cam a22      a 4500</leader>
<controlfield tag="FMT">BK</controlfield>
<controlfield tag="LDR">00000cam a22      a 4500</controlfield>
<controlfield tag="001">006253510</controlfield>
<controlfield tag="005">20180723083737.0</controlfield>
<controlfield tag="008">180723s1982    ru a     b    000 0 ruso</controlfield>
<datafield tag="010" ind1=" " ind2=" ">
<subfield code="a">   83173917</subfield>
</datafield>
<datafield tag="035" ind1=" " ind2=" ">
<subfield code="a">(OCoLC)15610357</subfield>
<subfield code="z">(OCoLC)15931205</subfield>
<subfield code="z">(OCoLC)30963026</subfield>
</datafield>
<datafield tag="040" ind1=" " ind2=" ">
<subfield code="a">DLC</subfield>
<subfield code="b">eng</subfield>
<subfield code="c">DLC</subfield>
<subfield code="d">OCLCQ</subfield>
<subfield code="d">OCLCO</subfield>
<subfield code="d">OCLCA</subfield>
<subfield code="d">OCLCF</subfield>
<subfield code="d">ZYU</subfield>
</datafield>
<datafield tag="043" ind1=" " ind2=" ">
<subfield code="a">e-ru---</subfield>
</datafield>
<datafield tag="050" ind1="0" ind2="0">
<subfield code="a">GN855.S64</subfield>
<subfield code="b">D48 1982</subfield>
</datafield>
<datafield tag="100" ind1="1" ind2=" ">
<subfield code="6">880-01</subfield>
<subfield code="a">De&#775;vlet, Marianna Artashirovna,</subfield>
<subfield code="e">author.</subfield>
</datafield>
<datafield tag="245" ind1="1" ind2="0">
<subfield code="6">880-02</subfield>
<subfield code="a">Petroglify na kochevoi&#774; trope /</subfield>
<subfield code="c">M.A. De&#775;vlet.</subfield>
</datafield>
<datafield tag="260" ind1=" " ind2=" ">
<subfield code="6">880-03</subfield>
<subfield code="a">Moskva :</subfield>
<subfield code="b">Izd-vo "Nauka",</subfield>
<subfield code="c">1982.</subfield>
</datafield>
<datafield tag="300" ind1=" " ind2=" ">
<subfield code="a">127 pages :</subfield>
<subfield code="b">illustrations ;</subfield>
<subfield code="c">24 cm</subfield>
</datafield>
<datafield tag="336" ind1=" " ind2=" ">
<subfield code="a">text</subfield>
<subfield code="b">txt</subfield>
<subfield code="2">rdacontent</subfield>
</datafield>
<datafield tag="337" ind1=" " ind2=" ">
<subfield code="a">unmediated</subfield>
<subfield code="b">n</subfield>
<subfield code="2">rdamedia</subfield>
</datafield>
<datafield tag="338" ind1=" " ind2=" ">
<subfield code="a">volume</subfield>
<subfield code="b">nc</subfield>
<subfield code="2">rdacarrier</subfield>
</datafield>
<datafield tag="500" ind1=" " ind2=" ">
<subfield code="6">880-04</subfield>
<subfield code="a">At head of title: Akademii&#65056;a&#65057; nauk SSSR. Ordena Trudovogo Krasnogo Znameni Institut arkheologii.</subfield>
</datafield>
<datafield tag="500" ind1=" " ind2=" ">
<subfield code="a">ISAW copy is from the library of Aleksandr Leskov.</subfield>
<subfield code="5">NyNyUAW</subfield>
</datafield>
<datafield tag="504" ind1=" " ind2=" ">
<subfield code="a">Includes bibliographical references (pages 123-126).</subfield>
</datafield>
<datafield tag="650" ind1=" " ind2="0">
<subfield code="a">Petroglyphs</subfield>
<subfield code="z">Russia (Federation)</subfield>
<subfield code="z">Tuva.</subfield>
</datafield>
<datafield tag="650" ind1=" " ind2="0">
<subfield code="a">Tuvinians</subfield>
<subfield code="x">Antiquities.</subfield>
</datafield>
<datafield tag="651" ind1=" " ind2="0">
<subfield code="a">Tuva (Russia)</subfield>
<subfield code="x">Antiquities.</subfield>
</datafield>
<datafield tag="710" ind1="2" ind2=" ">
<subfield code="6">880-05</subfield>
<subfield code="a">Institut arkheologii (Akademii&#65056;a&#65057; nauk SSSR),</subfield>
<subfield code="e">issuing body.</subfield>
</datafield>
<datafield tag="776" ind1="0" ind2="8">
<subfield code="i">Online version:</subfield>
<subfield code="a">De&#775;vlet, Marianna Artashirovna.</subfield>
<subfield code="t">Petroglify na kochevoi&#774; trope.</subfield>
<subfield code="d">Moskva : Izd-vo "Nauka", 1982</subfield>
<subfield code="w">(OCoLC)609207915</subfield>
</datafield>
<datafield tag="700" ind1="1" ind2=" ">
<subfield code="a">Leskov, Aleksandr Mikha&#301;lovich,</subfield>
<subfield code="e">former owner.</subfield>
<subfield code="5">NyNyUAW</subfield>
</datafield>
<datafield tag="740" ind1="0" ind2=" ">
<subfield code="a">Leskov Collection.</subfield>
<subfield code="5">NyNyUAW</subfield>
</datafield>
<datafield tag="880" ind1="1" ind2=" ">
<subfield code="6">100-01/</subfield>
<subfield code="a">&#1044;&#1101;&#1074;&#1083;&#1077;&#1090;, &#1052;&#1072;&#1088;&#1080;&#1072;&#1085;&#1085;&#1072; &#1040;&#1088;&#1090;&#1072;&#1096;&#1080;&#1088;&#1086;&#1074;&#1085;&#1072;,</subfield>
<subfield code="e">&#1072;uthor.</subfield>
</datafield>
<datafield tag="880" ind1="1" ind2="0">
<subfield code="6">245-02/</subfield>
<subfield code="a">&#1055;&#1077;&#1090;&#1088;&#1086;&#1075;&#1083;&#1080;&#1092;&#1099; &#1085;&#1072; &#1082;&#1086;&#1095;&#1077;&#1074;&#1086;&#1081; &#1090;&#1088;&#1086;&#1087;&#1077; /</subfield>
<subfield code="c">&#1052;.&#1040;. &#1044;&#1101;&#1074;&#1083;&#1077;&#1090;.</subfield>
</datafield>
<datafield tag="880" ind1=" " ind2=" ">
<subfield code="6">260-03/</subfield>
<subfield code="a">&#1052;&#1086;&#1089;&#1082;&#1074;&#1072; :</subfield>
<subfield code="b">&#1048;&#1079;&#1076;-&#1074;&#1086; "&#1053;&#1072;&#1091;&#1082;&#1072;",</subfield>
<subfield code="c">1982.</subfield>
</datafield>
<datafield tag="880" ind1=" " ind2=" ">
<subfield code="6">500-04/</subfield>
<subfield code="a">&#1040;t head of title: &#1040;&#1082;&#1072;&#1076;&#1077;&#1084;&#1080;&#1103; &#1085;&#1072;&#1091;&#1082; &#1057;&#1057;&#1057;&#1056;. &#1054;&#1088;&#1076;&#1077;&#1085;&#1072; &#1058;&#1088;&#1091;&#1076;&#1086;&#1074;&#1086;&#1075;&#1086; &#1050;&#1088;&#1072;&#1089;&#1085;&#1086;&#1075;&#1086; &#1047;&#1085;&#1072;&#1084;&#1077;&#1085;&#1080; &#1048;&#1085;&#1089;&#1090;&#1080;&#1090;&#1091;&#1090; &#1072;&#1088;&#1093;&#1077;&#1086;&#1083;&#1086;&#1075;&#1080;&#1080;.</subfield>
</datafield>
<datafield tag="880" ind1="2" ind2=" ">
<subfield code="6">710-05/</subfield>
<subfield code="a">&#1048;&#1085;&#1089;&#1090;&#1080;&#1090;&#1091;&#1090; &#1072;&#1088;&#1093;&#1077;&#1086;&#1083;&#1086;&#1075;&#1080;&#1080; (&#1040;&#1082;&#1072;&#1076;&#1077;&#1084;&#1080;&#1103; &#1085;&#1072;&#1091;&#1082; &#1057;&#1057;&#1057;&#1056;),</subfield>
<subfield code="e">issuing body.</subfield>
</datafield>
<datafield tag="OWN" ind1=" " ind2=" ">
<subfield code="a">GENERAL</subfield>
</datafield>
<datafield tag="AVA" ind1=" " ind2=" ">
<subfield code="a">NYU50</subfield>
<subfield code="b">NISAW</subfield>
<subfield code="c">Small Collection</subfield>
<subfield code="d">GN855.S64 D48 1982 Non-circulating</subfield>
<subfield code="e">unavailable</subfield>
<subfield code="t">Unavailable</subfield>
<subfield code="f">1</subfield>
<subfield code="g">1</subfield>
<subfield code="h">N</subfield>
<subfield code="i">0</subfield>
<subfield code="j">SMALL</subfield>
<subfield code="k">0</subfield>
</datafield>
</record>