<record xmlns="http://www.loc.gov/MARC21/slim" xmlns:xsi="http://www.w3.org/2001/XMLSchema-instance" xsi:schemaLocation="http://www.loc.gov/MARC21/slim http://www.loc.gov/standards/marcxml/schema/MARC21slim.xsd">
<leader>00000nam a2200253 a 45M</leader>
<controlfield tag="FMT">BK</controlfield>
<controlfield tag="LDR">00000nam a2200253 a 45M</controlfield>
<controlfield tag="001">001340337</controlfield>
<controlfield tag="003">NNU</controlfield>
<controlfield tag="005">20180718112023.0</controlfield>
<controlfield tag="008">971121s1997    ne       b    001 0 eng</controlfield>
<datafield tag="010" ind1=" " ind2=" ">
<subfield code="a">97218251</subfield>
</datafield>
<datafield tag="020" ind1=" " ind2=" ">
<subfield code="a">9050633072</subfield>
</datafield>
<datafield tag="035" ind1="9" ind2=" ">
<subfield code="a">NYUb11738196</subfield>
</datafield>
<datafield tag="035" ind1=" " ind2=" ">
<subfield code="a">(OCoLC)ocm38130966</subfield>
</datafield>
<datafield tag="040" ind1=" " ind2=" ">
<subfield code="a">DLC</subfield>
<subfield code="c">DLC</subfield>
<subfield code="d">NNU</subfield>
</datafield>
<datafield tag="043" ind1=" " ind2=" ">
<subfield code="a">e-gr---</subfield>
</datafield>
<datafield tag="050" ind1="0" ind2="0">
<subfield code="a">GV1611</subfield>
<subfield code="b">.N34 1997</subfield>
</datafield>
<datafield tag="079" ind1=" " ind2=" ">
<subfield code="a">(OCoLC)38130966</subfield>
</datafield>
<datafield tag="100" ind1="1" ind2=" ">
<subfield code="a">Naerebout, F. G.</subfield>
</datafield>
<datafield tag="245" ind1="1" ind2="0">
<subfield code="a">Attractive performances :</subfield>
<subfield code="b">ancient Greek dance : three preliminary studies /</subfield>
<subfield code="c">F.G. Naerebout.</subfield>
</datafield>
<datafield tag="260" ind1=" " ind2=" ">
<subfield code="a">Amsterdam :</subfield>
<subfield code="b">J.C. Gieben,</subfield>
<subfield code="c">1997.</subfield>
</datafield>
<datafield tag="300" ind1=" " ind2=" ">
<subfield code="a">451</subfield>
<subfield code="c">25 cm.</subfield>
</datafield>
<datafield tag="504" ind1=" " ind2=" ">
<subfield code="a">Includes bibliographical references (p. [415]-421) and index.</subfield>
</datafield>
<datafield tag="583" ind1="1" ind2=" ">
<subfield code="a">committed to retain</subfield>
<subfield code="c">20160630</subfield>
<subfield code="d">20310630</subfield>
<subfield code="f">EAST</subfield>
<subfield code="h">Elmer Holmes Bobst Library</subfield>
<subfield code="z">This title retained by New York University Libraries on behalf of the Eastern Academic Scholars Trust (EAST)</subfield>
<subfield code="5">NNU</subfield>
</datafield>
<datafield tag="650" ind1=" " ind2="0">
<subfield code="a">Dance</subfield>
<subfield code="z">Greece</subfield>
<subfield code="x">Historiography.</subfield>
</datafield>
<datafield tag="650" ind1=" " ind2="0">
<subfield code="a">Dance</subfield>
<subfield code="z">Greece</subfield>
<subfield code="v">Sources.</subfield>
</datafield>
<datafield tag="650" ind1=" " ind2="0">
<subfield code="a">Dance</subfield>
<subfield code="x">Study and teaching</subfield>
<subfield code="z">Greece.</subfield>
</datafield>
<datafield tag="650" ind1=" " ind2="0">
<subfield code="a">Arts, European</subfield>
<subfield code="x">Greek influences.</subfield>
</datafield>
<datafield tag="651" ind1=" " ind2="7">
<subfield code="a">Hellas.</subfield>
<subfield code="2">pleiades</subfield>
<subfield code="0">https://pleiades.stoa.org/places/1001896</subfield>
<subfield code="5">NyNyUAW</subfield>
</datafield>
<datafield tag="OWN" ind1=" " ind2=" ">
<subfield code="a">GENERAL</subfield>
</datafield>
<datafield tag="AVA" ind1=" " ind2=" ">
<subfield code="a">NYU50</subfield>
<subfield code="b">BOBST</subfield>
<subfield code="c">Main Collection</subfield>
<subfield code="d">GV1611 .N34 1997</subfield>
<subfield code="e">unavailable</subfield>
<subfield code="t">Unavailable</subfield>
<subfield code="f">1</subfield>
<subfield code="g">1</subfield>
<subfield code="h">N</subfield>
<subfield code="i">1</subfield>
<subfield code="j">MAIN</subfield>
<subfield code="k">0</subfield>
</datafield>
<datafield tag="AVA" ind1=" " ind2=" ">
<subfield code="a">NYU50</subfield>
<subfield code="b">NISAW</subfield>
<subfield code="c">Small Collection</subfield>
<subfield code="d">GV1611 .N34 1997</subfield>
<subfield code="e">available</subfield>
<subfield code="t">Available</subfield>
<subfield code="f">1</subfield>
<subfield code="g">0</subfield>
<subfield code="h">N</subfield>
<subfield code="i">0</subfield>
<subfield code="j">SMALL</subfield>
<subfield code="k">0</subfield>
</datafield>
</record>