<record xmlns="http://www.loc.gov/MARC21/slim" xmlns:xsi="http://www.w3.org/2001/XMLSchema-instance" xsi:schemaLocation="http://www.loc.gov/MARC21/slim http://www.loc.gov/standards/marcxml/schema/MARC21slim.xsd">
<leader>00000cam a2200997 a 4500</leader>
<controlfield tag="FMT">BK</controlfield>
<controlfield tag="LDR">00000cam a2200997 a 4500</controlfield>
<controlfield tag="001">002640292</controlfield>
<controlfield tag="003">OCoLC</controlfield>
<controlfield tag="005">20180723141408.0</controlfield>
<controlfield tag="008">840822s1981    gw af    b    001 0 eng</controlfield>
<datafield tag="010" ind1=" " ind2=" ">
<subfield code="a">81178082</subfield>
</datafield>
<datafield tag="015" ind1=" " ind2=" ">
<subfield code="a">81,N35,0093</subfield>
<subfield code="2">dnb</subfield>
</datafield>
<datafield tag="015" ind1=" " ind2=" ">
<subfield code="a">82,A31,1181</subfield>
<subfield code="2">dnb</subfield>
</datafield>
<datafield tag="016" ind1="7" ind2=" ">
<subfield code="a">810760681</subfield>
<subfield code="2">DE-101</subfield>
</datafield>
<datafield tag="020" ind1=" " ind2=" ">
<subfield code="a">3786111502</subfield>
<subfield code="q">(pbk.)</subfield>
</datafield>
<datafield tag="020" ind1=" " ind2=" ">
<subfield code="a">9783786111504</subfield>
<subfield code="q">(pbk.)</subfield>
</datafield>
<datafield tag="035" ind1=" " ind2=" ">
<subfield code="a">(OCoLC)11160436</subfield>
<subfield code="z">(OCoLC)8142712</subfield>
<subfield code="z">(OCoLC)813618377</subfield>
<subfield code="z">(OCoLC)1008457489</subfield>
</datafield>
<datafield tag="040" ind1=" " ind2=" ">
<subfield code="a">DLC</subfield>
<subfield code="b">eng</subfield>
<subfield code="c">DLC</subfield>
<subfield code="d">MUQ</subfield>
<subfield code="d">NLGGC</subfield>
<subfield code="d">BTCTA</subfield>
<subfield code="d">BOS</subfield>
<subfield code="d">GBVCP</subfield>
<subfield code="d">HEBIS</subfield>
<subfield code="d">DEBBG</subfield>
<subfield code="d">OCLCO</subfield>
<subfield code="d">OCLCQ</subfield>
<subfield code="d">OCLCO</subfield>
<subfield code="d">OCLCF</subfield>
<subfield code="d">OCLCO</subfield>
<subfield code="d">UZ0</subfield>
<subfield code="d">OCLCO</subfield>
<subfield code="d">OCLCA</subfield>
<subfield code="d">OCLCQ</subfield>
<subfield code="d">OCLCO</subfield>
<subfield code="d">DHA</subfield>
<subfield code="d">MUX</subfield>
<subfield code="d">OCLCQ</subfield>
<subfield code="d">ZYU</subfield>
</datafield>
<datafield tag="043" ind1=" " ind2=" ">
<subfield code="a">e-it---</subfield>
</datafield>
<datafield tag="050" ind1="0" ind2="0">
<subfield code="a">HD6155.O88</subfield>
<subfield code="b">K36 1981</subfield>
</datafield>
<datafield tag="055" ind1="0" ind2="3">
<subfield code="a">NB169</subfield>
<subfield code="b">.K3</subfield>
</datafield>
<datafield tag="079" ind1=" " ind2=" ">
<subfield code="a">(OCoLC)11160436</subfield>
</datafield>
<datafield tag="082" ind1="0" ind2="0">
<subfield code="a">305.4/3/009376</subfield>
<subfield code="2">19</subfield>
</datafield>
<datafield tag="084" ind1=" " ind2=" ">
<subfield code="a">15.52</subfield>
<subfield code="2">bcl</subfield>
</datafield>
<datafield tag="084" ind1=" " ind2=" ">
<subfield code="a">LG 1700</subfield>
<subfield code="2">rvk</subfield>
</datafield>
<datafield tag="084" ind1=" " ind2=" ">
<subfield code="a">NH 8500</subfield>
<subfield code="2">rvk</subfield>
</datafield>
<datafield tag="084" ind1=" " ind2=" ">
<subfield code="a">NH 8560</subfield>
<subfield code="2">rvk</subfield>
</datafield>
<datafield tag="084" ind1=" " ind2=" ">
<subfield code="a">64</subfield>
<subfield code="2">sdnb</subfield>
</datafield>
<datafield tag="090" ind1=" " ind2=" ">
<subfield code="a">HD6155.O88</subfield>
<subfield code="b">K36 1981</subfield>
<subfield code="i">05/05/83 CT</subfield>
</datafield>
<datafield tag="100" ind1="1" ind2=" ">
<subfield code="a">Kampen, Natalie.</subfield>
</datafield>
<datafield tag="245" ind1="1" ind2="0">
<subfield code="a">Image and status :</subfield>
<subfield code="b">Roman working women in Ostia /</subfield>
<subfield code="c">Natalie Kampen.</subfield>
</datafield>
<datafield tag="260" ind1=" " ind2=" ">
<subfield code="a">Berlin :</subfield>
<subfield code="b">Mann,</subfield>
<subfield code="c">1981.</subfield>
</datafield>
<datafield tag="300" ind1=" " ind2=" ">
<subfield code="a">188</subfield>
<subfield code="b">illustrations ;</subfield>
<subfield code="c">20 cm.</subfield>
</datafield>
<datafield tag="336" ind1=" " ind2=" ">
<subfield code="a">text</subfield>
<subfield code="b">txt</subfield>
<subfield code="2">rdacontent</subfield>
</datafield>
<datafield tag="337" ind1=" " ind2=" ">
<subfield code="a">unmediated</subfield>
<subfield code="b">n</subfield>
<subfield code="2">rdamedia</subfield>
</datafield>
<datafield tag="338" ind1=" " ind2=" ">
<subfield code="a">volume</subfield>
<subfield code="b">nc</subfield>
<subfield code="2">rdacarrier</subfield>
</datafield>
<datafield tag="490" ind1="1" ind2=" ">
<subfield code="a">Gebr. Mann Studio-Reihe</subfield>
</datafield>
<datafield tag="504" ind1=" " ind2=" ">
<subfield code="a">Includes bibliographical references (pages 162-175) and index.</subfield>
</datafield>
<datafield tag="650" ind1=" " ind2="0">
<subfield code="a">Women</subfield>
<subfield code="x">Employment</subfield>
<subfield code="z">Italy</subfield>
<subfield code="z">Ostia (Extinct city)</subfield>
<subfield code="x">History.</subfield>
</datafield>
<datafield tag="650" ind1=" " ind2="0">
<subfield code="a">Monuments</subfield>
<subfield code="z">Italy</subfield>
<subfield code="z">Ostia (Extinct city)</subfield>
</datafield>
<datafield tag="651" ind1=" " ind2="0">
<subfield code="a">Ostia (Extinct city)</subfield>
</datafield>
<datafield tag="650" ind1=" " ind2="0">
<subfield code="a">Romans</subfield>
<subfield code="z">Italy</subfield>
<subfield code="z">Ostia (Extinct city)</subfield>
</datafield>
<datafield tag="650" ind1=" " ind2="0">
<subfield code="a">Sculpture, Roman</subfield>
<subfield code="z">Italy</subfield>
<subfield code="z">Ostia (Extinct city)</subfield>
</datafield>
<datafield tag="651" ind1=" " ind2="0">
<subfield code="a">Italy</subfield>
<subfield code="x">Antiquities, Roman.</subfield>
</datafield>
<datafield tag="651" ind1=" " ind2="0">
<subfield code="a">Ostia (Extinct city)</subfield>
<subfield code="x">Buildings, structures, etc.</subfield>
</datafield>
<datafield tag="650" ind1=" " ind2="0">
<subfield code="a">Women in art.</subfield>
</datafield>
<datafield tag="650" ind1=" " ind2="0">
<subfield code="a">Working class in art.</subfield>
</datafield>
<datafield tag="651" ind1=" " ind2="7">
<subfield code="a">Ostia.</subfield>
<subfield code="2">pleiades</subfield>
<subfield code="0">https://pleiades.stoa.org/places/422995</subfield>
</datafield>
<datafield tag="650" ind1=" " ind2="7">
<subfield code="a">Buildings.</subfield>
<subfield code="2">fast</subfield>
<subfield code="0">(OCoLC)fst00840962</subfield>
</datafield>
<datafield tag="650" ind1=" " ind2="7">
<subfield code="a">Classical antiquities.</subfield>
<subfield code="2">fast</subfield>
<subfield code="0">(OCoLC)fst00863445</subfield>
</datafield>
<datafield tag="650" ind1=" " ind2="7">
<subfield code="a">Monuments.</subfield>
<subfield code="2">fast</subfield>
<subfield code="0">(OCoLC)fst01025892</subfield>
</datafield>
<datafield tag="650" ind1=" " ind2="7">
<subfield code="a">Romans.</subfield>
<subfield code="2">fast</subfield>
<subfield code="0">(OCoLC)fst01100116</subfield>
</datafield>
<datafield tag="650" ind1=" " ind2="7">
<subfield code="a">Sculpture, Roman.</subfield>
<subfield code="2">fast</subfield>
<subfield code="0">(OCoLC)fst01109838</subfield>
</datafield>
<datafield tag="650" ind1=" " ind2="7">
<subfield code="a">Women</subfield>
<subfield code="x">Employment.</subfield>
<subfield code="2">fast</subfield>
<subfield code="0">(OCoLC)fst01176715</subfield>
</datafield>
<datafield tag="651" ind1=" " ind2="7">
<subfield code="a">Italy.</subfield>
<subfield code="2">fast</subfield>
<subfield code="0">(OCoLC)fst01204565</subfield>
</datafield>
<datafield tag="651" ind1=" " ind2="7">
<subfield code="a">Italy</subfield>
<subfield code="z">Ostia (Extinct city)</subfield>
<subfield code="2">fast</subfield>
<subfield code="0">(OCoLC)fst01896909</subfield>
</datafield>
<datafield tag="655" ind1=" " ind2="7">
<subfield code="a">History.</subfield>
<subfield code="2">fast</subfield>
<subfield code="0">(OCoLC)fst01411628</subfield>
</datafield>
<datafield tag="740" ind1="0" ind2=" ">
<subfield code="a">Roman working women in Ostia.</subfield>
</datafield>
<datafield tag="776" ind1="0" ind2="8">
<subfield code="i">Online version:</subfield>
<subfield code="a">Kampen, Natalie.</subfield>
<subfield code="t">Image and status.</subfield>
<subfield code="d">Berlin : Mann, 1981</subfield>
<subfield code="w">(OCoLC)644132726</subfield>
</datafield>
<datafield tag="830" ind1=" " ind2="0">
<subfield code="a">Gebr. Mann Studio-Reihe.</subfield>
</datafield>
<datafield tag="OWN" ind1=" " ind2=" ">
<subfield code="a">GENERAL</subfield>
</datafield>
<datafield tag="950" ind1=" " ind2=" ">
<subfield code="l">FStack</subfield>
<subfield code="a">NB116.O8</subfield>
<subfield code="b">.K35 1981</subfield>
<subfield code="i">05/05/83 C</subfield>
</datafield>
<datafield tag="AVA" ind1=" " ind2=" ">
<subfield code="a">NYU50</subfield>
<subfield code="b">NIFA</subfield>
<subfield code="c">Main Collection</subfield>
<subfield code="d">NB116.O8 K35 1981 Non-circulating</subfield>
<subfield code="e">available</subfield>
<subfield code="t">Available</subfield>
<subfield code="f">1</subfield>
<subfield code="g">0</subfield>
<subfield code="h">N</subfield>
<subfield code="i">0</subfield>
<subfield code="j">MAIN</subfield>
<subfield code="k">0</subfield>
</datafield>
<datafield tag="AVA" ind1=" " ind2=" ">
<subfield code="a">NYU50</subfield>
<subfield code="b">NISAW</subfield>
<subfield code="c">Small Collection</subfield>
<subfield code="d">HD6155.O88 K36 1981</subfield>
<subfield code="e">available</subfield>
<subfield code="t">Available</subfield>
<subfield code="f">1</subfield>
<subfield code="g">0</subfield>
<subfield code="h">N</subfield>
<subfield code="i">0</subfield>
<subfield code="j">SMALL</subfield>
<subfield code="k">0</subfield>
</datafield>
</record>