<record xmlns="http://www.loc.gov/MARC21/slim" xmlns:xsi="http://www.w3.org/2001/XMLSchema-instance" xsi:schemaLocation="http://www.loc.gov/MARC21/slim http://www.loc.gov/standards/marcxml/schema/MARC21slim.xsd">
<leader>00000cam a22     4a 4500</leader>
<controlfield tag="FMT">BK</controlfield>
<controlfield tag="LDR">00000cam a22     4a 4500</controlfield>
<controlfield tag="001">006256265</controlfield>
<controlfield tag="005">20180730131018.0</controlfield>
<controlfield tag="008">180730s2006    fr ab    b    101 0 fre</controlfield>
<datafield tag="010" ind1=" " ind2=" ">
<subfield code="a">  2007459606</subfield>
</datafield>
<datafield tag="020" ind1=" " ind2=" ">
<subfield code="a">2910023826</subfield>
</datafield>
<datafield tag="020" ind1=" " ind2=" ">
<subfield code="a">9782910023829</subfield>
</datafield>
<datafield tag="035" ind1=" " ind2=" ">
<subfield code="a">(OCoLC)170062896</subfield>
<subfield code="z">(OCoLC)137292682</subfield>
</datafield>
<datafield tag="040" ind1=" " ind2=" ">
<subfield code="a">DLC</subfield>
<subfield code="b">eng</subfield>
<subfield code="c">DLC</subfield>
<subfield code="d">GEBAY</subfield>
<subfield code="d">TZT</subfield>
<subfield code="d">UTO</subfield>
<subfield code="d">OCLCQ</subfield>
<subfield code="d">DHA</subfield>
<subfield code="d">OCLCQ</subfield>
<subfield code="d">OCLCF</subfield>
<subfield code="d">ZYU</subfield>
</datafield>
<datafield tag="041" ind1="0" ind2=" ">
<subfield code="a">fre</subfield>
<subfield code="a">eng</subfield>
<subfield code="a">ita</subfield>
</datafield>
<datafield tag="043" ind1=" " ind2=" ">
<subfield code="a">mm-----</subfield>
</datafield>
<datafield tag="050" ind1="0" ind2="0">
<subfield code="a">HE423</subfield>
<subfield code="b">.R68 2006</subfield>
</datafield>
<datafield tag="072" ind1=" " ind2="7">
<subfield code="a">D</subfield>
<subfield code="2">lcco</subfield>
</datafield>
<datafield tag="082" ind1="1" ind2="4">
<subfield code="a">930</subfield>
<subfield code="2">1</subfield>
</datafield>
<datafield tag="245" ind1="0" ind2="4">
<subfield code="a">Les routes de l'Adriatique antique :</subfield>
<subfield code="b">g&#233;ographie et &#233;conomie : actes de la table ronde du 18 au 22 septembre 2001, Zadar = Putovi anti&#269;kog Jadrana : geografija i gospodarstvo : radovi s okruglog stola odr&#382;anog u Zadru od 18.-22. rujna 2001 /</subfield>
<subfield code="c">textes r&#233;unis par Slobodan C&#774;ac&#774;e, Anamarija Kurili&#263; et Francis Tassaux.</subfield>
</datafield>
<datafield tag="246" ind1="3" ind2="1">
<subfield code="a">Putovi anti&#269;kog Jadrana</subfield>
</datafield>
<datafield tag="260" ind1=" " ind2=" ">
<subfield code="a">Pessac :</subfield>
<subfield code="b">Ausonius ;</subfield>
<subfield code="a">Zadar :</subfield>
<subfield code="b">Presses universitaires de Zadar,</subfield>
<subfield code="c">2006.</subfield>
</datafield>
<datafield tag="300" ind1=" " ind2=" ">
<subfield code="a">316 pages :</subfield>
<subfield code="b">illustrations, maps (some color) ;</subfield>
<subfield code="c">29 cm.</subfield>
</datafield>
<datafield tag="336" ind1=" " ind2=" ">
<subfield code="a">text</subfield>
<subfield code="b">txt</subfield>
<subfield code="2">rdacontent</subfield>
</datafield>
<datafield tag="337" ind1=" " ind2=" ">
<subfield code="a">unmediated</subfield>
<subfield code="b">n</subfield>
<subfield code="2">rdamedia</subfield>
</datafield>
<datafield tag="338" ind1=" " ind2=" ">
<subfield code="a">volume</subfield>
<subfield code="b">nc</subfield>
<subfield code="2">rdacarrier</subfield>
</datafield>
<datafield tag="490" ind1="1" ind2=" ">
<subfield code="a">M&#233;moires,</subfield>
<subfield code="x">1283-2995 ;</subfield>
<subfield code="v">17</subfield>
</datafield>
<datafield tag="546" ind1=" " ind2=" ">
<subfield code="a">French, English, and Italian.</subfield>
</datafield>
<datafield tag="504" ind1=" " ind2=" ">
<subfield code="a">Includes bibliographical references and indexes.</subfield>
</datafield>
<datafield tag="651" ind1=" " ind2="0">
<subfield code="a">Trade routes</subfield>
<subfield code="z">Adriatic Sea Region</subfield>
<subfield code="x">History</subfield>
<subfield code="v">Congresses.</subfield>
</datafield>
<datafield tag="651" ind1=" " ind2="0">
<subfield code="a">Adriatic Sea Region</subfield>
<subfield code="x">Commerce</subfield>
<subfield code="v">Congresses.</subfield>
</datafield>
<datafield tag="651" ind1=" " ind2="0">
<subfield code="a">Adriatic Sea Region</subfield>
<subfield code="x">Antiquities</subfield>
<subfield code="v">Congresses.</subfield>
</datafield>
<datafield tag="650" ind1="0" ind2="7">
<subfield code="a">Verkehrsweg.</subfield>
<subfield code="2">swd</subfield>
</datafield>
<datafield tag="650" ind1="0" ind2="7">
<subfield code="a">Antike.</subfield>
<subfield code="2">swd</subfield>
</datafield>
<datafield tag="651" ind1=" " ind2="7">
<subfield code="a">Adriatischer Raum.</subfield>
<subfield code="2">swd</subfield>
</datafield>
<datafield tag="650" ind1=" " ind2="7">
<subfield code="a">Antiquities.</subfield>
<subfield code="2">fast</subfield>
<subfield code="0">(OCoLC)fst00810745</subfield>
</datafield>
<datafield tag="650" ind1=" " ind2="7">
<subfield code="a">Commerce.</subfield>
<subfield code="2">fast</subfield>
<subfield code="0">(OCoLC)fst00869279</subfield>
</datafield>
<datafield tag="651" ind1=" " ind2="7">
<subfield code="a">Europe</subfield>
<subfield code="z">Adriatic Sea Region.</subfield>
<subfield code="2">fast</subfield>
<subfield code="0">(OCoLC)fst01724861</subfield>
</datafield>
<datafield tag="648" ind1=" " ind2="7">
<subfield code="a">Geschichte 1000 v. Chr.-500</subfield>
<subfield code="2">swd</subfield>
</datafield>
<datafield tag="653" ind1=" " ind2=" ">
<subfield code="a">Adritic maritime routes and ports</subfield>
</datafield>
<datafield tag="655" ind1=" " ind2="7">
<subfield code="a">Conference papers and proceedings.</subfield>
<subfield code="2">fast</subfield>
<subfield code="0">(OCoLC)fst01423772</subfield>
</datafield>
<datafield tag="655" ind1=" " ind2="7">
<subfield code="a">History.</subfield>
<subfield code="2">fast</subfield>
<subfield code="0">(OCoLC)fst01411628</subfield>
</datafield>
<datafield tag="700" ind1="1" ind2=" ">
<subfield code="a">&#268;a&#269;e, Slobodan.</subfield>
</datafield>
<datafield tag="700" ind1="1" ind2=" ">
<subfield code="a">Kurili&#263;, Anamarija.</subfield>
</datafield>
<datafield tag="700" ind1="1" ind2=" ">
<subfield code="a">Tassaux, Francis.</subfield>
</datafield>
<datafield tag="776" ind1="0" ind2="8">
<subfield code="i">Online version:</subfield>
<subfield code="t">Routes de l'Adriatique antique.</subfield>
<subfield code="d">Pessac : Ausonius ; Zadar : Presses universitaires de Zadar, 2006</subfield>
<subfield code="w">(OCoLC)1032623213</subfield>
</datafield>
<datafield tag="830" ind1=" " ind2="0">
<subfield code="a">M&#233;moires (Ausonius (Institute)) ;</subfield>
<subfield code="v">17.</subfield>
<subfield code="x">1283-2995</subfield>
</datafield>
<datafield tag="OWN" ind1=" " ind2=" ">
<subfield code="a">GENERAL</subfield>
</datafield>
<datafield tag="AVA" ind1=" " ind2=" ">
<subfield code="a">NYU50</subfield>
<subfield code="b">NISAW</subfield>
<subfield code="c">Large Collection</subfield>
<subfield code="d">HE423 .R68 2006 Non-circulating</subfield>
<subfield code="e">unavailable</subfield>
<subfield code="t">Unavailable</subfield>
<subfield code="f">1</subfield>
<subfield code="g">1</subfield>
<subfield code="h">N</subfield>
<subfield code="i">0</subfield>
<subfield code="j">LARGE</subfield>
<subfield code="k">0</subfield>
</datafield>
</record>