<record xmlns="http://www.loc.gov/MARC21/slim" xmlns:xsi="http://www.w3.org/2001/XMLSchema-instance" xsi:schemaLocation="http://www.loc.gov/MARC21/slim http://www.loc.gov/standards/marcxml/schema/MARC21slim.xsd">
<leader>00000cam a22     Ii 4500</leader>
<controlfield tag="FMT">BK</controlfield>
<controlfield tag="LDR">00000cam a22     Ii 4500</controlfield>
<controlfield tag="001">006251707</controlfield>
<controlfield tag="005">20180718114737.0</controlfield>
<controlfield tag="008">180718s1976    ru       b    000 0 rusr</controlfield>
<datafield tag="010" ind1=" " ind2=" ">
<subfield code="a">   77502995</subfield>
</datafield>
<datafield tag="035" ind1=" " ind2=" ">
<subfield code="a">(OCoLC)3395095</subfield>
</datafield>
<datafield tag="035" ind1=" " ind2=" ">
<subfield code="a">CoLC)3395095010 77502995</subfield>
</datafield>
<datafield tag="040" ind1=" " ind2=" ">
<subfield code="a">DLC</subfield>
<subfield code="b">eng</subfield>
<subfield code="e">rda</subfield>
<subfield code="c">BXM</subfield>
<subfield code="d">OCLCQ</subfield>
<subfield code="d">OCLCG</subfield>
<subfield code="d">OCLCF</subfield>
<subfield code="d">OCLCQ</subfield>
<subfield code="d">OCLCA</subfield>
<subfield code="d">OCLCO</subfield>
<subfield code="d">OCL</subfield>
<subfield code="d">OCLCQ</subfield>
<subfield code="d">ZYU</subfield>
</datafield>
<datafield tag="043" ind1=" " ind2=" ">
<subfield code="a">e-gr---</subfield>
</datafield>
<datafield tag="050" ind1=" " ind2="4">
<subfield code="a">JC73</subfield>
<subfield code="b">.A52 1976</subfield>
</datafield>
<datafield tag="100" ind1="1" ind2=" ">
<subfield code="6">880-01</subfield>
<subfield code="a">Andreev, I&#65056;U&#65057;. V.</subfield>
<subfield code="q">(I&#65056;U&#65057;rii&#774; Viktorovich),</subfield>
<subfield code="d">1937-1998,</subfield>
<subfield code="e">author.</subfield>
</datafield>
<datafield tag="245" ind1="1" ind2="0">
<subfield code="6">880-02</subfield>
<subfield code="a">Rannegrecheskii&#774; polis :</subfield>
<subfield code="b">gomerovskii&#774; period /</subfield>
<subfield code="c">I&#65056;U&#65057;. V. Andreev.</subfield>
</datafield>
<datafield tag="260" ind1=" " ind2=" ">
<subfield code="6">880-03</subfield>
<subfield code="a">Leningrad :</subfield>
<subfield code="b">Izd-vo Leningradskogo universiteta,</subfield>
<subfield code="c">1976.</subfield>
</datafield>
<datafield tag="300" ind1=" " ind2=" ">
<subfield code="a">3</subfield>
<subfield code="c">22 cm</subfield>
</datafield>
<datafield tag="336" ind1=" " ind2=" ">
<subfield code="a">text</subfield>
<subfield code="b">txt</subfield>
<subfield code="2">rdacontent</subfield>
</datafield>
<datafield tag="337" ind1=" " ind2=" ">
<subfield code="a">unmediated</subfield>
<subfield code="b">n</subfield>
<subfield code="2">rdamedia</subfield>
</datafield>
<datafield tag="338" ind1=" " ind2=" ">
<subfield code="a">volume</subfield>
<subfield code="b">nc</subfield>
<subfield code="2">rdacarrier</subfield>
</datafield>
<datafield tag="500" ind1=" " ind2=" ">
<subfield code="a">ISAW copy is from the library of Aleksandr Leskov.</subfield>
<subfield code="5">NyNyUAW</subfield>
</datafield>
<datafield tag="500" ind1=" " ind2=" ">
<subfield code="6">880-04</subfield>
<subfield code="a">At head of title: Leningradskii&#774; gosudarstvennyi&#774; universitet imeni A.A. Zhdanova.</subfield>
</datafield>
<datafield tag="504" ind1=" " ind2=" ">
<subfield code="a">Includes bibliographical references.</subfield>
</datafield>
<datafield tag="651" ind1=" " ind2="0">
<subfield code="a">Greece</subfield>
<subfield code="x">Politics and government.</subfield>
</datafield>
<datafield tag="710" ind1="2" ind2=" ">
<subfield code="6">880-05</subfield>
<subfield code="a">Leningradskii&#774; gosudarstvennyi&#774; universitet imeni A.A. Zhdanova,</subfield>
<subfield code="e">issuing body.</subfield>
</datafield>
<datafield tag="700" ind1="1" ind2=" ">
<subfield code="a">Leskov, Aleksandr Mikha&#301;lovich,</subfield>
<subfield code="e">former owner.</subfield>
<subfield code="5">NyNyUAW</subfield>
</datafield>
<datafield tag="740" ind1="0" ind2=" ">
<subfield code="a">Leskov Collection.</subfield>
<subfield code="5">NyNyUAW</subfield>
</datafield>
<datafield tag="880" ind1="1" ind2=" ">
<subfield code="6">100-01/</subfield>
<subfield code="a">&#1040;&#1085;&#1076;&#1088;&#1077;&#1077;&#1074;, &#1070;. &#1042;.</subfield>
<subfield code="q">(&#1070;&#1088;&#1080;&#1081; &#1042;&#1080;&#1082;&#1090;&#1086;&#1088;&#1086;&#1074;&#1080;&#1095;),</subfield>
<subfield code="d">1937-1998,</subfield>
<subfield code="e">author.</subfield>
</datafield>
<datafield tag="880" ind1="1" ind2="0">
<subfield code="6">245-02/</subfield>
<subfield code="a">&#1056;&#1072;&#1085;&#1085;&#1077;&#1075;&#1088;&#1077;&#1095;&#1077;&#1089;&#1082;&#1080;&#1081; &#1087;&#1086;&#1083;&#1080;&#1089; :</subfield>
<subfield code="b">&#1075;&#1086;&#1084;&#1077;&#1088;&#1086;&#1074;&#1089;&#1082;&#1080;&#1081; &#1087;&#1077;&#1088;&#1080;&#1086;&#1076; /</subfield>
<subfield code="c">&#1070;. &#1042;. &#1040;&#1085;&#1076;&#1088;&#1077;&#1077;&#1074;.</subfield>
</datafield>
<datafield tag="880" ind1=" " ind2=" ">
<subfield code="6">260-03/</subfield>
<subfield code="a">&#1051;&#1077;&#1085;&#1080;&#1085;&#1075;&#1088;&#1072;&#1076; :</subfield>
<subfield code="b">&#1048;&#1079;&#1076;-&#1074;&#1086; &#1051;&#1077;&#1085;&#1080;&#1085;&#1075;&#1088;&#1072;&#1076;&#1089;&#1082;&#1086;&#1075;&#1086; &#1091;&#1085;&#1080;&#1074;&#1077;&#1088;&#1089;&#1080;&#1090;&#1077;&#1090;&#1072;,</subfield>
<subfield code="c">1976.</subfield>
</datafield>
<datafield tag="880" ind1=" " ind2=" ">
<subfield code="6">500-04/</subfield>
<subfield code="a">&#1040;t head of tile: &#1051;&#1077;&#1085;&#1080;&#1085;&#1075;&#1088;&#1072;&#1076;&#1089;&#1082;&#1080;&#1081; &#1075;&#1086;&#1089;&#1091;&#1076;&#1072;&#1088;&#1089;&#1090;&#1074;&#1077;&#1085;&#1085;&#1099;&#1081; &#1091;&#1085;&#1080;&#1074;&#1077;&#1088;&#1089;&#1080;&#1090;&#1077;&#1090; &#1080;&#1084;&#1077;&#1085;&#1080; &#1040;.&#1040;. &#1046;&#1076;&#1072;&#1085;&#1086;&#1074;&#1072;.</subfield>
</datafield>
<datafield tag="880" ind1="2" ind2=" ">
<subfield code="6">710-05/</subfield>
<subfield code="a">&#1051;&#1077;&#1085;&#1080;&#1085;&#1075;&#1088;&#1072;&#1076;&#1089;&#1082;&#1080;&#1081; &#1075;&#1086;&#1089;&#1091;&#1076;&#1072;&#1088;&#1089;&#1090;&#1074;&#1077;&#1085;&#1085;&#1099;&#1081; &#1091;&#1085;&#1080;&#1074;&#1077;&#1088;&#1089;&#1080;&#1090;&#1077;&#1090; &#1080;&#1084;&#1077;&#1085;&#1080; &#1040;.&#1040;. &#1046;&#1076;&#1072;&#1085;&#1086;&#1074;&#1072;,</subfield>
<subfield code="e">issuing body.</subfield>
</datafield>
<datafield tag="OWN" ind1=" " ind2=" ">
<subfield code="a">GENERAL</subfield>
</datafield>
<datafield tag="AVA" ind1=" " ind2=" ">
<subfield code="a">NYU50</subfield>
<subfield code="b">NISAW</subfield>
<subfield code="c">Small Collection</subfield>
<subfield code="d">JC73 .A52 1976 Non-circulating</subfield>
<subfield code="e">unavailable</subfield>
<subfield code="t">Unavailable</subfield>
<subfield code="f">1</subfield>
<subfield code="g">1</subfield>
<subfield code="h">N</subfield>
<subfield code="i">0</subfield>
<subfield code="j">SMALL</subfield>
<subfield code="k">0</subfield>
</datafield>
</record>