<record xmlns="http://www.loc.gov/MARC21/slim" xmlns:xsi="http://www.w3.org/2001/XMLSchema-instance" xsi:schemaLocation="http://www.loc.gov/MARC21/slim http://www.loc.gov/standards/marcxml/schema/MARC21slim.xsd">
<leader>00000cam a22      i 4500</leader>
<controlfield tag="FMT">BK</controlfield>
<controlfield tag="LDR">00000cam a22      i 4500</controlfield>
<controlfield tag="001">006253583</controlfield>
<controlfield tag="005">20180723133704.0</controlfield>
<controlfield tag="008">180723s2017    gw a     b    001 0 ger</controlfield>
<datafield tag="010" ind1=" " ind2=" ">
<subfield code="a">  2017000611</subfield>
</datafield>
<datafield tag="020" ind1=" " ind2=" ">
<subfield code="a">9783110474244</subfield>
<subfield code="q">hardcover</subfield>
</datafield>
<datafield tag="020" ind1=" " ind2=" ">
<subfield code="a">3110474247</subfield>
<subfield code="q">hardcover</subfield>
</datafield>
<datafield tag="020" ind1=" " ind2=" ">
<subfield code="z">9783110478136</subfield>
</datafield>
<datafield tag="020" ind1=" " ind2=" ">
<subfield code="z">9783110478723</subfield>
</datafield>
<datafield tag="035" ind1=" " ind2=" ">
<subfield code="a">(OCoLC)968151861</subfield>
<subfield code="z">(OCoLC)938386574</subfield>
<subfield code="z">(OCoLC)943674472</subfield>
<subfield code="z">(OCoLC)957546268</subfield>
<subfield code="z">(OCoLC)988160741</subfield>
</datafield>
<datafield tag="040" ind1=" " ind2=" ">
<subfield code="a">DLC</subfield>
<subfield code="b">eng</subfield>
<subfield code="e">rda</subfield>
<subfield code="c">DLC</subfield>
<subfield code="d">OCLCO</subfield>
<subfield code="d">OCLCF</subfield>
<subfield code="d">OHX</subfield>
<subfield code="d">OCLCQ</subfield>
<subfield code="d">IXA</subfield>
<subfield code="d">EQO</subfield>
<subfield code="d">IPS</subfield>
<subfield code="d">YDX</subfield>
<subfield code="d">OCLCO</subfield>
<subfield code="d">UBY</subfield>
<subfield code="d">HLS</subfield>
<subfield code="d">ERASA</subfield>
<subfield code="d">YDXCP</subfield>
<subfield code="d">BTCTA</subfield>
<subfield code="d">ERD</subfield>
<subfield code="d">DHA</subfield>
<subfield code="d">OCLCQ</subfield>
<subfield code="d">NNU</subfield>
</datafield>
<datafield tag="041" ind1="0" ind2=" ">
<subfield code="a">ger</subfield>
<subfield code="a">grc</subfield>
</datafield>
<datafield tag="042" ind1=" " ind2=" ">
<subfield code="a">pcc</subfield>
</datafield>
<datafield tag="043" ind1=" " ind2=" ">
<subfield code="a">f-ua---</subfield>
</datafield>
<datafield tag="050" ind1="0" ind2="0">
<subfield code="a">KL3047</subfield>
<subfield code="b">.N48 2017</subfield>
</datafield>
<datafield tag="082" ind1="0" ind2="0">
<subfield code="a">347.32</subfield>
<subfield code="2">23</subfield>
</datafield>
<datafield tag="245" ind1="0" ind2="0">
<subfield code="a">Neue Quellen zum Prozessrecht der Ptolema&#776;erzeit :</subfield>
<subfield code="b">Gerichtsakten aus der Trierer Papyrussammlung (P. Trier I) /</subfield>
<subfield code="c">von Ba&#776;rbel Kramer und Carlos Ma. Sa&#769;nchez-Moreno Ellart.</subfield>
</datafield>
<datafield tag="264" ind1=" " ind2="1">
<subfield code="a">Berlin ;</subfield>
<subfield code="a">Boston :</subfield>
<subfield code="b">Walter de Gruyter GmbH,</subfield>
<subfield code="c">[2017]</subfield>
</datafield>
<datafield tag="300" ind1=" " ind2=" ">
<subfield code="a">293</subfield>
<subfield code="b">illustrations (some color) ;</subfield>
<subfield code="c">25 cm.</subfield>
</datafield>
<datafield tag="336" ind1=" " ind2=" ">
<subfield code="a">text</subfield>
<subfield code="b">txt</subfield>
<subfield code="2">rdacontent</subfield>
</datafield>
<datafield tag="336" ind1=" " ind2=" ">
<subfield code="a">still image</subfield>
<subfield code="2">rdacontent</subfield>
</datafield>
<datafield tag="337" ind1=" " ind2=" ">
<subfield code="a">unmediated</subfield>
<subfield code="b">n</subfield>
<subfield code="2">rdamedia</subfield>
</datafield>
<datafield tag="338" ind1=" " ind2=" ">
<subfield code="a">volume</subfield>
<subfield code="b">nc</subfield>
<subfield code="2">rdacarrier</subfield>
</datafield>
<datafield tag="490" ind1="1" ind2=" ">
<subfield code="a">Archiv fu&#776;r Papyrusforschung und verwandte Gebiete ;</subfield>
<subfield code="v">Beiheft 36</subfield>
</datafield>
<datafield tag="504" ind1=" " ind2=" ">
<subfield code="a">Includes bibliographical references and index.</subfield>
</datafield>
<datafield tag="520" ind1=" " ind2=" ">
<subfield code="a">"Die neuen Gerichtsakten aus dem Dikasterion von Herakleopolis in Untera&#776;gypten umfassen Vorladungen, Zeugenaussagen und Vertra&#776;ge in griechischer Sprache vom Anfang des 2. Jhs. vor Chr. Den von Ba&#776;rbel Kramer vorgelegten griechischen Texten geht eine umfangreiche jusristische Einleitung von Carlos M. Sa&#769;nchez-Moreno Ellart voraus, in der anhand der Papyri die Gemeinsamkeiten und Unterschiede des hellenistischen Prozessrechts gegenu&#776;ber dem attischen Recht herausgearbeitet werden. "--Cover.</subfield>
</datafield>
<datafield tag="546" ind1=" " ind2=" ">
<subfield code="a">In German, texts of papyri in Greek.</subfield>
</datafield>
<datafield tag="505" ind1="0" ind2=" ">
<subfield code="a">Neues zum Prozessrecht der Ptolema&#776;erzeit -- Die Trierer Gerichtsakten (P.Trier I).</subfield>
</datafield>
<datafield tag="650" ind1=" " ind2="0">
<subfield code="a">Civil procedure</subfield>
<subfield code="z">Egypt</subfield>
<subfield code="v">Sources.</subfield>
</datafield>
<datafield tag="650" ind1=" " ind2="0">
<subfield code="a">Law</subfield>
<subfield code="z">Egypt</subfield>
<subfield code="v">Sources.</subfield>
</datafield>
<datafield tag="650" ind1=" " ind2="0">
<subfield code="a">Egyptian law.</subfield>
</datafield>
<datafield tag="650" ind1=" " ind2="0">
<subfield code="a">Manuscripts, Greek (Papyri)</subfield>
<subfield code="z">Egypt.</subfield>
</datafield>
<datafield tag="650" ind1=" " ind2="7">
<subfield code="a">Civil procedure.</subfield>
<subfield code="2">fast</subfield>
<subfield code="0">(OCoLC)fst00862585</subfield>
</datafield>
<datafield tag="650" ind1=" " ind2="7">
<subfield code="a">Egyptian law.</subfield>
<subfield code="2">fast</subfield>
<subfield code="0">(OCoLC)fst00903964</subfield>
</datafield>
<datafield tag="650" ind1=" " ind2="7">
<subfield code="a">Law.</subfield>
<subfield code="2">fast</subfield>
<subfield code="0">(OCoLC)fst00993678</subfield>
</datafield>
<datafield tag="650" ind1=" " ind2="7">
<subfield code="a">Manuscripts, Greek (Papyri)</subfield>
<subfield code="2">fast</subfield>
<subfield code="0">(OCoLC)fst01008356</subfield>
</datafield>
<datafield tag="651" ind1=" " ind2="7">
<subfield code="a">Egypt.</subfield>
<subfield code="2">fast</subfield>
<subfield code="0">(OCoLC)fst01208755</subfield>
</datafield>
<datafield tag="655" ind1=" " ind2="7">
<subfield code="a">Sources.</subfield>
<subfield code="2">fast</subfield>
<subfield code="0">(OCoLC)fst01423900</subfield>
</datafield>
<datafield tag="700" ind1="1" ind2=" ">
<subfield code="a">Kramer, Ba&#776;rbel,</subfield>
<subfield code="e">editor.</subfield>
</datafield>
<datafield tag="700" ind1="1" ind2=" ">
<subfield code="a">Sa&#769;nchez-Moreno Ellart, Carlos,</subfield>
<subfield code="e">editor.</subfield>
<subfield code="e">author</subfield>
</datafield>
<datafield tag="776" ind1="0" ind2=" ">
<subfield code="z">9783110478136 (ePub : online)</subfield>
</datafield>
<datafield tag="830" ind1=" " ind2="0">
<subfield code="a">Archiv fu&#776;r Papyrusforschung und verwandte Gebiete.</subfield>
<subfield code="p">Beiheft ;</subfield>
<subfield code="v">36.</subfield>
</datafield>
<datafield tag="OWN" ind1=" " ind2=" ">
<subfield code="a">GENERAL</subfield>
</datafield>
<datafield tag="AVA" ind1=" " ind2=" ">
<subfield code="a">NYU50</subfield>
<subfield code="b">NISAW</subfield>
<subfield code="c">Small Collection</subfield>
<subfield code="d">KL3047 .N48 2017</subfield>
<subfield code="e">unavailable</subfield>
<subfield code="t">Unavailable</subfield>
<subfield code="f">1</subfield>
<subfield code="g">1</subfield>
<subfield code="h">N</subfield>
<subfield code="i">0</subfield>
<subfield code="j">SMALL</subfield>
<subfield code="k">0</subfield>
</datafield>
</record>