<record xmlns="http://www.loc.gov/MARC21/slim" xmlns:xsi="http://www.w3.org/2001/XMLSchema-instance" xsi:schemaLocation="http://www.loc.gov/MARC21/slim http://www.loc.gov/standards/marcxml/schema/MARC21slim.xsd">
<leader>00000cam a22     Ii 4500</leader>
<controlfield tag="FMT">BK</controlfield>
<controlfield tag="LDR">00000cam a22     Ii 4500</controlfield>
<controlfield tag="001">006254555</controlfield>
<controlfield tag="005">20180724141525.0</controlfield>
<controlfield tag="008">180724s2016    au       b    101 0 eng d</controlfield>
<datafield tag="016" ind1="7" ind2=" ">
<subfield code="a">1128166119</subfield>
<subfield code="2">GyFmDB</subfield>
</datafield>
<datafield tag="020" ind1=" " ind2=" ">
<subfield code="a">9783700180524</subfield>
<subfield code="q">(pbk.)</subfield>
</datafield>
<datafield tag="020" ind1=" " ind2=" ">
<subfield code="a">3700180527</subfield>
<subfield code="q">(pbk.)</subfield>
</datafield>
<datafield tag="035" ind1=" " ind2=" ">
<subfield code="a">(OCoLC)990152835</subfield>
</datafield>
<datafield tag="040" ind1=" " ind2=" ">
<subfield code="a">COO</subfield>
<subfield code="b">eng</subfield>
<subfield code="e">rda</subfield>
<subfield code="c">COO</subfield>
<subfield code="d">OCLCO</subfield>
<subfield code="d">OCLCF</subfield>
<subfield code="d">PLL</subfield>
<subfield code="d">ZYU</subfield>
</datafield>
<datafield tag="041" ind1="0" ind2=" ">
<subfield code="a">eng</subfield>
<subfield code="a">fre</subfield>
<subfield code="a">ger</subfield>
<subfield code="a">ita</subfield>
</datafield>
<datafield tag="050" ind1=" " ind2="4">
<subfield code="a">KL4106.5</subfield>
<subfield code="b">.G47 2015</subfield>
</datafield>
<datafield tag="110" ind1="2" ind2=" ">
<subfield code="a">Gesellschaft fu&#776;r Griechische und Hellenistische Rechtsgeschichte.</subfield>
<subfield code="b">Symposion</subfield>
<subfield code="n">(20th :</subfield>
<subfield code="d">2015 :</subfield>
<subfield code="c">Coimbra, Portugal),</subfield>
<subfield code="e">creator.</subfield>
</datafield>
<datafield tag="245" ind1="1" ind2="0">
<subfield code="a">Symposion 2015 :</subfield>
<subfield code="b">confere&#770;ncias sobre a Histo&#769;ria do Direito grego e heleni&#769;stico (Coimbra, 1-4 Setembro 2015) /</subfield>
<subfield code="c">coordenac&#807;a&#771;o por Delfim F. Lea&#771;o, Gerhard Thu&#776;r = Symposion 2015 : Vortra&#776;ge zur griechischen und hellenistischen Rechtsgeschichte (Coimbra, 1.-4. September 2015) / herausgegeben von Delfim F. Lea&#771;o, Gerhard Thu&#776;r.</subfield>
</datafield>
<datafield tag="246" ind1="3" ind2="0">
<subfield code="a">Confere&#770;ncias sobre a Histo&#769;ria do Direito grego e heleni&#769;stico (Coimbra, 1-4 Setembro 2015)</subfield>
</datafield>
<datafield tag="246" ind1="3" ind2="0">
<subfield code="a">Vortra&#776;ge zur griechischen und hellenistischen Rechtsgeschichte (Coimbra, 1.-4. September 2015)</subfield>
</datafield>
<datafield tag="246" ind1="1" ind2="1">
<subfield code="a">Symposion 2015 :</subfield>
<subfield code="b">Vortra&#776;ge zur griechischen und hellenistischen Rechtsgeschichte (Coimbra, 1.-4. September 2015)</subfield>
</datafield>
<datafield tag="264" ind1=" " ind2="1">
<subfield code="a">Wien :</subfield>
<subfield code="b">Verlag der o&#776;sterreichischen Akademie der Wissenschaften,</subfield>
<subfield code="c">[2016]</subfield>
</datafield>
<datafield tag="300" ind1=" " ind2=" ">
<subfield code="a">475</subfield>
<subfield code="c">23 cm.</subfield>
</datafield>
<datafield tag="336" ind1=" " ind2=" ">
<subfield code="a">text</subfield>
<subfield code="b">txt</subfield>
<subfield code="2">rdacontent</subfield>
</datafield>
<datafield tag="337" ind1=" " ind2=" ">
<subfield code="a">unmediated</subfield>
<subfield code="b">n</subfield>
<subfield code="2">rdamedia</subfield>
</datafield>
<datafield tag="338" ind1=" " ind2=" ">
<subfield code="a">volume</subfield>
<subfield code="b">nc</subfield>
<subfield code="2">rdacarrier</subfield>
</datafield>
<datafield tag="490" ind1="1" ind2=" ">
<subfield code="a">Akten der Gesellschaft fu&#776;r griechische und hellenistische Rechtsgeschichte / O&#776;sterreichische Akademie der Wissenschaften, Philosophisch-Historische Klasse, Documenta Antiqua, Antike Rechtsgeschichte ;</subfield>
<subfield code="v">Band 25</subfield>
</datafield>
<datafield tag="546" ind1=" " ind2=" ">
<subfield code="a">Twenty two English, two French, six German and one Italian contributions.</subfield>
</datafield>
<datafield tag="504" ind1=" " ind2=" ">
<subfield code="a">Includes bibliographical references and index.</subfield>
</datafield>
<datafield tag="505" ind1="0" ind2=" ">
<subfield code="a">Equality, the Demos, and Law in Archaic Greece, Robert W. Wallace; Some Remarks on Equality in Homer and in the First Written Laws, Laura Pepe; Different Equalities, Martin Dreher; Ephesis eis to Dikasterion, Carlo Pelloso; Jenseits con Berufung und Uberweisung, Martin Dreher; Gerotrophia. A Controversial Law, Eva Cantarella; Gerotrophia, Delfim F. Leao; Note sur les Phialai Exeleutherikai, Adele C. Scafuro; The Fatherless and Family Structure in Roman Egypt, Maria Nowak; Apator Metros:The Rise of a Formula in Buereaucratic Perspective, Uri Yiftach; One en PisteiGuarantee Sales, and Title-Transfer Security in the Papyri, Jose Luis Alonso; Zu den Sicherungsrechten in den Papyri, Gerhard Thur; Riflessioni su Dikai Emporikai e Presito Marittimo, Alberto MAffi; Dikai Emporikai, Mark Sundahl; Die Jurisdiktion der Judischen Gemeinde von Herakleopolis: Normal-oder Sonderfall im Hellenistischen Agypten, Patrick Sanger; Qualle Justice a Herakleopolis?, Joseph Meleze; Keine Konkurrenz und Dennoch Recht: Zum Umgang Rom smit den Lokalen Rachten, Andrea Jordens; Lokales Recht und das Recht Roms, Eva Jakab; Greek Laws After Constitutio Antoniniana: Ideology, Rhetoric and Procedure in Eunapius of Sardis, Dimitris Karambelas; Eunapios von Sardes, Vita Sophist. 9,2: Ein Beleg fur die Griechische Wahrnehmung des RomischenProvinzialprozesses nach der Constitutio Antoniniana?, Philipp Scheibelreiter; Emotion, Life History and Law, Ana Lucia Curado; Demonsthenes Against Meidias, Michael Gagarin; Death and Religion in Athenian Law: Identifying Pollution? S.C. Todd; Notes on Pollution and Jurisdiction in Athenian Homicide Law, David D. Phillips; Athenian Legislation Limiting Male Prostitute{u2019}s Political Rights, Edward E. Cohen; Money Isn{u2019}t Everything, Adriaan Lanni; Water Rights in Archaic and Classical Greek S=Citites: Old and New Problems Revisited, Michele Faraguna;</subfield>
</datafield>
<datafield tag="505" ind1="0" ind2=" ">
<subfield code="a">Some Reflections on Water Rights in Inscriptions from Beroia in Imperial Times, Athina Dimopoulou; Reward and Deterrence in Classical and Hellenistic Enactments, Lene Rubinstein; Rewards to Informers, Ilias Arnaoutoglou.</subfield>
</datafield>
<datafield tag="650" ind1=" " ind2="0">
<subfield code="a">Law, Greek</subfield>
<subfield code="v">Congresses.</subfield>
</datafield>
<datafield tag="650" ind1=" " ind2="0">
<subfield code="a">Homicide (Greek law)</subfield>
<subfield code="v">Congresses.</subfield>
</datafield>
<datafield tag="650" ind1=" " ind2="0">
<subfield code="a">Hellenism</subfield>
<subfield code="v">Congresses.</subfield>
</datafield>
<datafield tag="650" ind1=" " ind2="7">
<subfield code="a">Hellenism.</subfield>
<subfield code="2">fast</subfield>
<subfield code="0">(OCoLC)fst00954758</subfield>
</datafield>
<datafield tag="650" ind1=" " ind2="7">
<subfield code="a">Homicide (Greek law)</subfield>
<subfield code="2">fast</subfield>
<subfield code="0">(OCoLC)fst00959678</subfield>
</datafield>
<datafield tag="650" ind1=" " ind2="7">
<subfield code="a">Law, Greek.</subfield>
<subfield code="2">fast</subfield>
<subfield code="0">(OCoLC)fst00994212</subfield>
</datafield>
<datafield tag="655" ind1=" " ind2="7">
<subfield code="a">Conference papers and proceedings.</subfield>
<subfield code="2">fast</subfield>
<subfield code="0">(OCoLC)fst01423772</subfield>
</datafield>
<datafield tag="700" ind1="1" ind2=" ">
<subfield code="a">Lea&#771;o, Delfim Ferreira,</subfield>
<subfield code="e">editor,</subfield>
<subfield code="e">author.</subfield>
</datafield>
<datafield tag="700" ind1="1" ind2=" ">
<subfield code="a">Thu&#776;r, Gerhard,</subfield>
<subfield code="e">editor,</subfield>
<subfield code="e">author.</subfield>
</datafield>
<datafield tag="710" ind1="2" ind2=" ">
<subfield code="a">O&#776;sterreichische Akademie der Wissenschaften,</subfield>
<subfield code="e">publisher.</subfield>
</datafield>
<datafield tag="830" ind1=" " ind2="0">
<subfield code="a">Akten der Gesellschaft fu&#776;r Griechische und Hellenistische Rechtsgeschichte ;</subfield>
<subfield code="v">Bd. 25.</subfield>
</datafield>
<datafield tag="OWN" ind1=" " ind2=" ">
<subfield code="a">GENERAL</subfield>
</datafield>
<datafield tag="AVA" ind1=" " ind2=" ">
<subfield code="a">NYU50</subfield>
<subfield code="b">NISAW</subfield>
<subfield code="c">Small Collection</subfield>
<subfield code="d">KL4106.5 .G47 2015</subfield>
<subfield code="e">unavailable</subfield>
<subfield code="t">Unavailable</subfield>
<subfield code="f">1</subfield>
<subfield code="g">1</subfield>
<subfield code="h">N</subfield>
<subfield code="i">0</subfield>
<subfield code="j">SMALL</subfield>
<subfield code="k">0</subfield>
</datafield>
</record>