<record xmlns="http://www.loc.gov/MARC21/slim" xmlns:xsi="http://www.w3.org/2001/XMLSchema-instance" xsi:schemaLocation="http://www.loc.gov/MARC21/slim http://www.loc.gov/standards/marcxml/schema/MARC21slim.xsd">
<leader>00000cam a22     Ii 4500</leader>
<controlfield tag="FMT">BK</controlfield>
<controlfield tag="LDR">00000cam a22     Ii 4500</controlfield>
<controlfield tag="001">006225421</controlfield>
<controlfield tag="005">20180713141224.0</controlfield>
<controlfield tag="008">180711s1971    sz       b    000 0 fre c</controlfield>
<datafield tag="010" ind1=" " ind2=" ">
<subfield code="a">   70885018</subfield>
</datafield>
<datafield tag="016" ind1=" " ind2=" ">
<subfield code="a">(AMICUS)000004461179</subfield>
</datafield>
<datafield tag="035" ind1=" " ind2=" ">
<subfield code="a">(OCoLC)276610</subfield>
<subfield code="z">(OCoLC)402130408</subfield>
<subfield code="z">(OCoLC)976609864</subfield>
<subfield code="z">(OCoLC)1000776499</subfield>
</datafield>
<datafield tag="040" ind1=" " ind2=" ">
<subfield code="a">KSU</subfield>
<subfield code="b">eng</subfield>
<subfield code="c">KSU</subfield>
<subfield code="d">OCL</subfield>
<subfield code="d">OCLCQ</subfield>
<subfield code="d">AU@</subfield>
<subfield code="d">CUY</subfield>
<subfield code="d">OCLCQ</subfield>
<subfield code="d">OCLCO</subfield>
<subfield code="d">EMI</subfield>
<subfield code="d">UEJ</subfield>
<subfield code="d">NLC</subfield>
<subfield code="d">OCLCQ</subfield>
<subfield code="d">DDO</subfield>
<subfield code="d">OCLCA</subfield>
<subfield code="d">ZYU</subfield>
</datafield>
<datafield tag="041" ind1="1" ind2=" ">
<subfield code="a">fre</subfield>
<subfield code="h">geo</subfield>
</datafield>
<datafield tag="043" ind1=" " ind2=" ">
<subfield code="a">a-gs---</subfield>
</datafield>
<datafield tag="050" ind1=" " ind2="4">
<subfield code="a">KLH21.3</subfield>
<subfield code="b">.C53 1971</subfield>
</datafield>
<datafield tag="055" ind1=" " ind2="0">
<subfield code="a">KLP76.D65F614 1974</subfield>
</datafield>
<datafield tag="082" ind1="0" ind2="4">
<subfield code="a">947.95</subfield>
<subfield code="b">C469i</subfield>
</datafield>
<datafield tag="082" ind1="0" ind2="4">
<subfield code="a">348.4795023</subfield>
</datafield>
<datafield tag="100" ind1="1" ind2=" ">
<subfield code="a">Charachidz&#233;, Georges.</subfield>
</datafield>
<datafield tag="245" ind1="1" ind2="0">
<subfield code="a">Introduction &#224; l'&#233;tude de la f&#233;odalit&#233; g&#233;orgienne :</subfield>
<subfield code="b">le code de Georges le Brillant /</subfield>
<subfield code="c">Georges Charachidze.</subfield>
</datafield>
<datafield tag="260" ind1=" " ind2=" ">
<subfield code="a">Gen&#232;ve :</subfield>
<subfield code="b">Droz,</subfield>
<subfield code="c">1971.</subfield>
</datafield>
<datafield tag="300" ind1=" " ind2=" ">
<subfield code="a">162 pages ;</subfield>
<subfield code="c">25 cm.</subfield>
</datafield>
<datafield tag="336" ind1=" " ind2=" ">
<subfield code="a">text</subfield>
<subfield code="b">txt</subfield>
<subfield code="2">rdacontent</subfield>
</datafield>
<datafield tag="337" ind1=" " ind2=" ">
<subfield code="a">unmediated</subfield>
<subfield code="b">n</subfield>
<subfield code="2">rdamedia</subfield>
</datafield>
<datafield tag="338" ind1=" " ind2=" ">
<subfield code="a">volume</subfield>
<subfield code="b">nc</subfield>
<subfield code="2">rdacarrier</subfield>
</datafield>
<datafield tag="490" ind1="1" ind2=" ">
<subfield code="a">Centre de recherches d'histoire et de philologie de la IVe section de l'&#201;cole pratique des hautes &#233;tudes, 4, Hautes &#233;tudes islamiques et orientales d'histoire compar&#233;e ;</subfield>
<subfield code="v">1</subfield>
</datafield>
<datafield tag="504" ind1=" " ind2=" ">
<subfield code="a">Includes bibliographical references (pages 157-162).</subfield>
</datafield>
<datafield tag="500" ind1=" " ind2=" ">
<subfield code="a">ISAW copy is from the library of Nina Garso&#239;an.</subfield>
<subfield code="5">NyNyUAW</subfield>
</datafield>
<datafield tag="610" ind1="1" ind2="0">
<subfield code="a">Georgia (Republic).</subfield>
<subfield code="t">Code of Giorgi the Brilliant.</subfield>
</datafield>
<datafield tag="651" ind1=" " ind2="7">
<subfield code="a">Colchis/Lazike.</subfield>
<subfield code="2">pleiades</subfield>
<subfield code="0">https://pleiades.stoa.org/places/863770</subfield>
<subfield code="5">NyNyUAW</subfield>
</datafield>
<datafield tag="610" ind1="1" ind2="4">
<subfield code="a">Georgian S.S.R.</subfield>
<subfield code="k">Laws, statutes, etc. Code of Giorgi the Brilliant.</subfield>
</datafield>
<datafield tag="700" ind1="1" ind2=" ">
<subfield code="a">Garso&#239;an, Nina G.,</subfield>
<subfield code="d">1923-</subfield>
<subfield code="e">former owner.</subfield>
<subfield code="5">NyNyUAW</subfield>
</datafield>
<datafield tag="710" ind1="1" ind2=" ">
<subfield code="a">Georgian S.S.R.</subfield>
<subfield code="t">Code of Giorgi the Brilliant.</subfield>
<subfield code="l">French.</subfield>
</datafield>
<datafield tag="740" ind1="0" ind2=" ">
<subfield code="a">Garso&#239;an Collection.</subfield>
<subfield code="5">NyNyUAW</subfield>
</datafield>
<datafield tag="776" ind1="0" ind2="8">
<subfield code="i">Online version:</subfield>
<subfield code="a">Charachidz&#233;, Georges.</subfield>
<subfield code="t">Introduction &#224; l'&#233;tude de la f&#233;odalit&#233; g&#233;orgienne.</subfield>
<subfield code="d">Paris ; Gen&#232;ve : Droz, 1971</subfield>
<subfield code="w">(OCoLC)621803847</subfield>
</datafield>
<datafield tag="830" ind1=" " ind2="0">
<subfield code="a">Hautes &#233;tudes islamiques et orientales d'histoire compar&#233;e ;</subfield>
<subfield code="v">1.</subfield>
</datafield>
<datafield tag="OWN" ind1=" " ind2=" ">
<subfield code="a">GENERAL</subfield>
</datafield>
<datafield tag="AVA" ind1=" " ind2=" ">
<subfield code="a">NYU50</subfield>
<subfield code="b">NISAW</subfield>
<subfield code="c">Small Collection</subfield>
<subfield code="d">KLH21.3 .C53 1971</subfield>
<subfield code="e">unavailable</subfield>
<subfield code="t">Unavailable</subfield>
<subfield code="f">1</subfield>
<subfield code="g">1</subfield>
<subfield code="h">N</subfield>
<subfield code="i">0</subfield>
<subfield code="j">SMALL</subfield>
<subfield code="k">0</subfield>
</datafield>
</record>