<record xmlns="http://www.loc.gov/MARC21/slim" xmlns:xsi="http://www.w3.org/2001/XMLSchema-instance" xsi:schemaLocation="http://www.loc.gov/MARC21/slim http://www.loc.gov/standards/marcxml/schema/MARC21slim.xsd">
<leader>00000nam a2200301   4500</leader>
<controlfield tag="FMT">BK</controlfield>
<controlfield tag="LDR">00000nam a2200301   4500</controlfield>
<controlfield tag="001">002803903</controlfield>
<controlfield tag="003">NNU</controlfield>
<controlfield tag="005">20180718140621.0</controlfield>
<controlfield tag="008">870108s1984    cauag    b    000 0 eng d</controlfield>
<datafield tag="020" ind1=" " ind2=" ">
<subfield code="a">0890031584</subfield>
</datafield>
<datafield tag="035" ind1="9" ind2=" ">
<subfield code="a">NYUb10510311</subfield>
</datafield>
<datafield tag="035" ind1=" " ind2=" ">
<subfield code="a">(CStRLIN)NYUG87-B646</subfield>
</datafield>
<datafield tag="035" ind1=" " ind2=" ">
<subfield code="a">GLIS005103118</subfield>
</datafield>
<datafield tag="040" ind1=" " ind2=" ">
<subfield code="a">NAlU</subfield>
<subfield code="c">NAlU</subfield>
</datafield>
<datafield tag="043" ind1=" " ind2=" ">
<subfield code="a">a-sy---</subfield>
</datafield>
<datafield tag="090" ind1=" " ind2=" ">
<subfield code="a">ML164</subfield>
<subfield code="b">.D83 1984</subfield>
<subfield code="i">01/21/87 CT</subfield>
</datafield>
<datafield tag="100" ind1="1" ind2=" ">
<subfield code="a">Duchesne-Guillemin, Marcelle.</subfield>
</datafield>
<datafield tag="245" ind1="1" ind2="2">
<subfield code="a">A Hurrian musical score from Ugarit :</subfield>
<subfield code="b">the discovery of Mesopotamian music /</subfield>
<subfield code="c">by Marcelle Duchesne-Guillemin.</subfield>
</datafield>
<datafield tag="260" ind1=" " ind2=" ">
<subfield code="a">Malibu :</subfield>
<subfield code="b">Undena Publications,</subfield>
<subfield code="c">1984.</subfield>
</datafield>
<datafield tag="300" ind1=" " ind2=" ">
<subfield code="a">32</subfield>
<subfield code="b">ill., music ;</subfield>
<subfield code="c">28 cm. +</subfield>
<subfield code="e">1 sound cassette (10 min.): 1 7/8 ips, mono.</subfield>
</datafield>
<datafield tag="490" ind1="1" ind2=" ">
<subfield code="a">Sources and monographs. Sources from the ancient Near East ;</subfield>
<subfield code="v">v. 2, fasc. 2</subfield>
</datafield>
<datafield tag="504" ind1=" " ind2=" ">
<subfield code="a">Includes bibliographical references.</subfield>
</datafield>
<datafield tag="500" ind1=" " ind2=" ">
<subfield code="a">"The recording... was made at Li&#232;ge in 1975 by The Ensemble Vocal Maurice Triaille."--p. 25.</subfield>
</datafield>
<datafield tag="500" ind1=" " ind2=" ">
<subfield code="a">ISAW copy lacks audiocassette.</subfield>
<subfield code="5">NyNyUAW</subfield>
</datafield>
<datafield tag="650" ind1=" " ind2="0">
<subfield code="a">Hurrians</subfield>
<subfield code="x">Music.</subfield>
</datafield>
<datafield tag="650" ind1=" " ind2="0">
<subfield code="a">Cuneiform tablets</subfield>
<subfield code="z">Syria</subfield>
<subfield code="z">Ugarit (Extinct city)</subfield>
</datafield>
<datafield tag="650" ind1=" " ind2="0">
<subfield code="a">Hurrian language</subfield>
<subfield code="v">Texts.</subfield>
</datafield>
<datafield tag="651" ind1=" " ind2="7">
<subfield code="a">Leukos Limen.</subfield>
<subfield code="2">pleiades</subfield>
<subfield code="0">https://pleiades.stoa.org/places/668295</subfield>
</datafield>
<datafield tag="710" ind1="2" ind2=" ">
<subfield code="a">Ensemble Vocal Maurice Triaille.</subfield>
</datafield>
<datafield tag="830" ind1=" " ind2="0">
<subfield code="a">Sources and monographs.</subfield>
<subfield code="p">Sources from the ancient Near East ;</subfield>
<subfield code="v">v. 2, fasc. 2.</subfield>
</datafield>
<datafield tag="OWN" ind1=" " ind2=" ">
<subfield code="a">GENERAL</subfield>
</datafield>
<datafield tag="950" ind1=" " ind2=" ">
<subfield code="l">BMAIN</subfield>
<subfield code="a">ML164</subfield>
<subfield code="b">.D84 1984</subfield>
<subfield code="i">01/21/87 C</subfield>
</datafield>
<datafield tag="955" ind1=" " ind2=" ">
<subfield code="l">BMAIN</subfield>
<subfield code="c">1</subfield>
<subfield code="q">87-B646-1</subfield>
<subfield code="r">012233675</subfield>
<subfield code="i">01/21/87 C</subfield>
</datafield>
<datafield tag="998" ind1=" " ind2=" ">
<subfield code="a">01/21/87</subfield>
<subfield code="t">b</subfield>
<subfield code="s">9114</subfield>
<subfield code="n">NNU</subfield>
<subfield code="w">NYAG86B3550</subfield>
<subfield code="d">01/08/87</subfield>
<subfield code="b">AB</subfield>
<subfield code="i">870121</subfield>
<subfield code="l">NYUG</subfield>
</datafield>
<datafield tag="AVA" ind1=" " ind2=" ">
<subfield code="a">NYU50</subfield>
<subfield code="b">BOBST</subfield>
<subfield code="c">Main Collection</subfield>
<subfield code="d">ML164 .D84 1984</subfield>
<subfield code="e">unavailable</subfield>
<subfield code="t">Unavailable</subfield>
<subfield code="f">1</subfield>
<subfield code="g">1</subfield>
<subfield code="h">N</subfield>
<subfield code="i">6</subfield>
<subfield code="j">MAIN</subfield>
<subfield code="k">0</subfield>
</datafield>
<datafield tag="AVA" ind1=" " ind2=" ">
<subfield code="a">NYU50</subfield>
<subfield code="b">NISAW</subfield>
<subfield code="c">Large Collection</subfield>
<subfield code="d">ML164 .D83 1984</subfield>
<subfield code="e">unavailable</subfield>
<subfield code="t">Unavailable</subfield>
<subfield code="f">1</subfield>
<subfield code="g">1</subfield>
<subfield code="h">N</subfield>
<subfield code="i">0</subfield>
<subfield code="j">LARGE</subfield>
<subfield code="k">0</subfield>
</datafield>
</record>