<record xmlns="http://www.loc.gov/MARC21/slim" xmlns:xsi="http://www.w3.org/2001/XMLSchema-instance" xsi:schemaLocation="http://www.loc.gov/MARC21/slim http://www.loc.gov/standards/marcxml/schema/MARC21slim.xsd">
<leader>00000cam a22     Ii 4500</leader>
<controlfield tag="FMT">BK</controlfield>
<controlfield tag="LDR">00000cam a22     Ii 4500</controlfield>
<controlfield tag="001">006061557</controlfield>
<controlfield tag="005">20180702150212.0</controlfield>
<controlfield tag="008">180309s2017    gw a     bc   000 0 ger d</controlfield>
<datafield tag="016" ind1="7" ind2=" ">
<subfield code="a">1133294472</subfield>
<subfield code="2">GyFmDB</subfield>
</datafield>
<datafield tag="020" ind1=" " ind2=" ">
<subfield code="a">9783774940956</subfield>
<subfield code="q">(pbk.)</subfield>
</datafield>
<datafield tag="020" ind1=" " ind2=" ">
<subfield code="a">3774940959</subfield>
<subfield code="q">(pbk.)</subfield>
</datafield>
<datafield tag="024" ind1="3" ind2=" ">
<subfield code="a">9783774940956</subfield>
</datafield>
<datafield tag="035" ind1=" " ind2=" ">
<subfield code="a">(OCoLC)1028538492</subfield>
<subfield code="z">(OCoLC)1026357837</subfield>
</datafield>
<datafield tag="040" ind1=" " ind2=" ">
<subfield code="a">OHX</subfield>
<subfield code="b">eng</subfield>
<subfield code="e">rda</subfield>
<subfield code="c">OHX</subfield>
<subfield code="d">JPG</subfield>
<subfield code="d">ERASA</subfield>
<subfield code="d">OCLCF</subfield>
<subfield code="d">ZYU</subfield>
</datafield>
<datafield tag="050" ind1=" " ind2="4">
<subfield code="a">N8217.D3</subfield>
<subfield code="b">K74 2017</subfield>
</datafield>
<datafield tag="072" ind1=" " ind2="7">
<subfield code="a">N</subfield>
<subfield code="2">lcco</subfield>
</datafield>
<datafield tag="072" ind1=" " ind2="7">
<subfield code="a">GV</subfield>
<subfield code="2">lcco</subfield>
</datafield>
<datafield tag="082" ind1="0" ind2="4">
<subfield code="a">938</subfield>
</datafield>
<datafield tag="100" ind1="1" ind2=" ">
<subfield code="a">Kressirer, Kornelia,</subfield>
<subfield code="e">author.</subfield>
</datafield>
<datafield tag="245" ind1="1" ind2="0">
<subfield code="a">Tanz in der Antike /</subfield>
<subfield code="c">Kornelia Kressirer, Frank Rumscheid.</subfield>
</datafield>
<datafield tag="264" ind1=" " ind2="1">
<subfield code="a">Bonn :</subfield>
<subfield code="b">In Kommission bei Dr. Rudolf Habelt GmbH,</subfield>
<subfield code="c">[2017]</subfield>
</datafield>
<datafield tag="300" ind1=" " ind2=" ">
<subfield code="a">100 pages :</subfield>
<subfield code="b">illustrations (chiefly color) ;</subfield>
<subfield code="c">24 cm.</subfield>
</datafield>
<datafield tag="336" ind1=" " ind2=" ">
<subfield code="a">text</subfield>
<subfield code="b">txt</subfield>
<subfield code="2">rdacontent</subfield>
</datafield>
<datafield tag="336" ind1=" " ind2=" ">
<subfield code="a">still image</subfield>
<subfield code="b">sti</subfield>
<subfield code="2">rdacontent</subfield>
</datafield>
<datafield tag="337" ind1=" " ind2=" ">
<subfield code="a">unmediated</subfield>
<subfield code="b">n</subfield>
<subfield code="2">rdamedia</subfield>
</datafield>
<datafield tag="338" ind1=" " ind2=" ">
<subfield code="a">volume</subfield>
<subfield code="b">nc</subfield>
<subfield code="2">rdacarrier</subfield>
</datafield>
<datafield tag="490" ind1="1" ind2=" ">
<subfield code="a">Schriften des Akademischen Kunstmuseums Bonn</subfield>
<subfield code="v">5</subfield>
</datafield>
<datafield tag="500" ind1=" " ind2=" ">
<subfield code="a">Catalog of an exhibition held at Akademisches Kunstmuseum, Universit&#228;t Bonn, May 14 - August 27, 2017.</subfield>
</datafield>
<datafield tag="500" ind1=" " ind2=" ">
<subfield code="a">Limited edition of 500 copies.</subfield>
</datafield>
<datafield tag="504" ind1=" " ind2=" ">
<subfield code="a">Includes bibliographical references.</subfield>
</datafield>
<datafield tag="520" ind1="8" ind2=" ">
<subfield code="a">Das Akademische Kunstmuseum der Universit&#228;t Bonn pr&#228;sentiert aus seinen reichen Best&#228;nden an Originalen und Gipsabg&#252;ssen der antiken Kunst eine Sonderausstellung &#252;ber den Tanz in der Antike. Viele Zusammenk&#252;nfte boten Anlass zum Tanzen. Selbst die G&#246;tter stellte man sich tanzend vor. An Festen wurden Reigent&#228;nze aufgef&#252;hrt. Im Theater zeigten die Ch&#246;re einstudierte Choreographien. Feiern zu Ehren des Weingottes nutzte man f&#252;r ausgelassenes, enthemmtes Tanzen. Bei Tanzwettbewerben ma&#223; man sich mit Konkurrenten. Die gezeigten Bildervasen, Reliefs und rundplastischen Werke f&#252;hren die ganze Vielfalt getragener, eleganter und ekstatischer Bewegungen vor Augen, die Menschen, G&#246;tter und Fabelwesen der antiken Welt von Musik begleitet darbieten.00Exhibition: Akademisches Kunstmuseum der Universit&#228;t Bonn, Germany (14.05. - 27.08.2017).</subfield>
</datafield>
<datafield tag="650" ind1=" " ind2="0">
<subfield code="a">Dance in art</subfield>
<subfield code="v">Exhibitions.</subfield>
</datafield>
<datafield tag="650" ind1=" " ind2="0">
<subfield code="a">Art, Classical</subfield>
<subfield code="v">Exhibitions.</subfield>
</datafield>
<datafield tag="650" ind1=" " ind2="7">
<subfield code="a">Art, Classical.</subfield>
<subfield code="2">fast</subfield>
<subfield code="0">(OCoLC)fst00816126</subfield>
</datafield>
<datafield tag="650" ind1=" " ind2="7">
<subfield code="a">Dance in art.</subfield>
<subfield code="2">fast</subfield>
<subfield code="0">(OCoLC)fst00887522</subfield>
</datafield>
<datafield tag="655" ind1=" " ind2="7">
<subfield code="a">Exhibition catalogs.</subfield>
<subfield code="2">fast</subfield>
<subfield code="0">(OCoLC)fst01424028</subfield>
</datafield>
<datafield tag="700" ind1="1" ind2=" ">
<subfield code="a">Rumscheid, Frank,</subfield>
<subfield code="e">author.</subfield>
</datafield>
<datafield tag="710" ind1="2" ind2=" ">
<subfield code="a">Universit&#228;t Bonn.</subfield>
<subfield code="b">Akademisches Kunstmuseum,</subfield>
<subfield code="e">host institution.</subfield>
</datafield>
<datafield tag="830" ind1=" " ind2="0">
<subfield code="a">Schriften des Akademischen Kunstmuseums Bonn ;</subfield>
<subfield code="v">5.</subfield>
</datafield>
<datafield tag="OWN" ind1=" " ind2=" ">
<subfield code="a">GENERAL</subfield>
</datafield>
<datafield tag="AVA" ind1=" " ind2=" ">
<subfield code="a">NYU50</subfield>
<subfield code="b">NIFA</subfield>
<subfield code="c">Main Collection</subfield>
<subfield code="e">unavailable</subfield>
<subfield code="t">Unavailable</subfield>
<subfield code="f">1</subfield>
<subfield code="g">1</subfield>
<subfield code="h">N</subfield>
<subfield code="i">0</subfield>
<subfield code="j">MAIN</subfield>
<subfield code="k">0</subfield>
</datafield>
<datafield tag="AVA" ind1=" " ind2=" ">
<subfield code="a">NYU50</subfield>
<subfield code="b">NISAW</subfield>
<subfield code="c">Small Collection</subfield>
<subfield code="d">N8217.D3 K74 2017 Non-circulating</subfield>
<subfield code="e">available</subfield>
<subfield code="t">Available</subfield>
<subfield code="f">1</subfield>
<subfield code="g">0</subfield>
<subfield code="h">N</subfield>
<subfield code="i">0</subfield>
<subfield code="j">SMALL</subfield>
<subfield code="k">0</subfield>
</datafield>
</record>