<record xmlns="http://www.loc.gov/MARC21/slim" xmlns:xsi="http://www.w3.org/2001/XMLSchema-instance" xsi:schemaLocation="http://www.loc.gov/MARC21/slim http://www.loc.gov/standards/marcxml/schema/MARC21slim.xsd">
<leader>00000cam a22     Ia 4500</leader>
<controlfield tag="FMT">BK</controlfield>
<controlfield tag="LDR">00000cam a22     Ia 4500</controlfield>
<controlfield tag="001">006254996</controlfield>
<controlfield tag="005">20180725150013.0</controlfield>
<controlfield tag="008">180725s2012    fr abe   b    000 0 fre d</controlfield>
<datafield tag="016" ind1="7" ind2=" ">
<subfield code="a">016917838</subfield>
<subfield code="2">Uk</subfield>
</datafield>
<datafield tag="020" ind1=" " ind2=" ">
<subfield code="a">9782356130754</subfield>
</datafield>
<datafield tag="020" ind1=" " ind2=" ">
<subfield code="a">2356130756</subfield>
</datafield>
<datafield tag="035" ind1=" " ind2=" ">
<subfield code="a">(OCoLC)823380174</subfield>
</datafield>
<datafield tag="040" ind1=" " ind2=" ">
<subfield code="a">ERASP</subfield>
<subfield code="b">eng</subfield>
<subfield code="c">ERASP</subfield>
<subfield code="d">OCLCQ</subfield>
<subfield code="d">NOC</subfield>
<subfield code="d">C3L</subfield>
<subfield code="d">OCLCQ</subfield>
<subfield code="d">AUXAM</subfield>
<subfield code="d">ESUDE</subfield>
<subfield code="d">OCLCF</subfield>
<subfield code="d">OCLCQ</subfield>
<subfield code="d">CHVBK</subfield>
<subfield code="d">UKMGB</subfield>
<subfield code="d">OCLCQ</subfield>
<subfield code="d">OCLCO</subfield>
<subfield code="d">ZYU</subfield>
</datafield>
<datafield tag="043" ind1=" " ind2=" ">
<subfield code="a">e------</subfield>
</datafield>
<datafield tag="050" ind1=" " ind2="4">
<subfield code="a">NA312</subfield>
<subfield code="b">.F673 2012</subfield>
</datafield>
<datafield tag="082" ind1="0" ind2="4">
<subfield code="a">930</subfield>
</datafield>
<datafield tag="245" ind1="0" ind2="3">
<subfield code="a">Le forum en Gaule et dans les r&#233;gions voisines /</subfield>
<subfield code="c">textes r&#233;unis par Alain Bouet ; ouvrage &#233;dit&#233; avec le concours du Laboratoire TRACES (Toulouse II-Le Mirales-CNRS, UMR 5608).</subfield>
</datafield>
<datafield tag="260" ind1=" " ind2=" ">
<subfield code="a">Bordeaux :</subfield>
<subfield code="b">Ausonius &#201;ditions,</subfield>
<subfield code="c">2012.</subfield>
</datafield>
<datafield tag="300" ind1=" " ind2=" ">
<subfield code="a">406 pages :</subfield>
<subfield code="b">illustrations, maps, plans ;</subfield>
<subfield code="c">29 cm.</subfield>
</datafield>
<datafield tag="336" ind1=" " ind2=" ">
<subfield code="a">text</subfield>
<subfield code="b">txt</subfield>
<subfield code="2">rdacontent</subfield>
</datafield>
<datafield tag="337" ind1=" " ind2=" ">
<subfield code="a">unmediated</subfield>
<subfield code="b">n</subfield>
<subfield code="2">rdamedia</subfield>
</datafield>
<datafield tag="338" ind1=" " ind2=" ">
<subfield code="a">volume</subfield>
<subfield code="b">nc</subfield>
<subfield code="2">rdacarrier</subfield>
</datafield>
<datafield tag="490" ind1="1" ind2=" ">
<subfield code="a">M&#233;moires,</subfield>
<subfield code="x">1283-2995 ;</subfield>
<subfield code="v">31</subfield>
</datafield>
<datafield tag="504" ind1=" " ind2=" ">
<subfield code="a">Includes bibliographical references (pages 403-406).</subfield>
</datafield>
<datafield tag="505" ind1="0" ind2=" ">
<subfield code="a">Le forum en Gaule: historiographie et probl&#233;matique actuelles / Alain Bouet -- Places publiques et lieux de rassemblement &#224; la fin de l'&#226;ge du Fer dans le monde celtique / Stephan Fichtl -- Forum et structures civiques dans les Gaules: les t&#233;moignages &#233;crits / Monique Dondin-Payre -- Le forum d'Auch (Gers): premi&#232;res donn&#233;es arch&#233;ologiques / Philippe Gardes, Pascal Lotti, avec la collaboration de Vincent Genevi&#232;ve &amp; Catherine Viers -- Un nouveau forum pour un chef-lieu de cit&#233; de l'Aquitaine romaine: Javols-Anderitum, premi&#232;re approche / Alain Ferdi&#232;re, Alain Trintignac, avec la collaboration de Claire Barillaro, Caroline Font &amp; Romain S&#233;guier -- Sur quelques fora d'Aquitaine / Alain Bouet -- Quelques remarques sur les fora de Tolosa et de Narbo et la question des capitolia en Nabronnaise / Jean-Luc Boudartchouk -- Les &#233;l&#233;ments architectoniques el scultpt&#233;s du centre civique de Tolosa / Daniel Cazes -- Recherches r&#233;centes sur la partie orientale du forum de Ruscino (Perpignan, Pyr&#233;n&#233;es-Orientales) / Isabelle R&#233;b&#233;-Marichal -- Le forum de Fr&#233;jus / Michel Pasqualini -- Le forum d'Orange (Vaucluse): &#233;tat de la question / Jean-Marc Mignon &amp; Jean-Louis Paillet -- Le centre monumental d'Apt (Vaucluse) &#224; l'&#233;poque gallo-romaine: synth&#232;se des d&#233;couvertes r&#233;centes sur son organisation / Patrick De Mich&#232;le -- Le "forum de Trajan" et les vestiges romains sur l'&#233;peron de Fourvi&#232;re &#224; Lyon (Rh&#244;ne) / Djamila Fellague, avec la collaboration de Philippe Thirion, Filippo Masine &amp; Giorgio Sobr&#224; -- Le forum d'Augustodunum (Autun/Sa&#244;ne-et-Loire): probl&#232;mes de localisation et de restitution / Michel Kasprzyk, avec la collaboration de Yannick Labaune &amp; Antony Hostein -- Annexe: L'inscription CIL, XIII, 2657 et la qeustion de l'emplacement du forum d'Augustodunum/Autun / Antony Hostein -- Le forum de Martigny -- Forum Claudii Vallensium (Valais, Suisse) / Fran&#231;ois Wibl&#233; --</subfield>
</datafield>
<datafield tag="505" ind1="0" ind2=" ">
<subfield code="a">Retour ver le forum de Volsinii / Jean-Marie Pailler -- Del'Iseum au forum d'Industria (Monteu da Po, Italie) / Florence Saragoza -- Le mort du forum dans les villes des provinces hispaniques &#224; la fin de l'Antiquit&#233; ou le symbole d'une soci&#233;t&#233; en cours de profonde mutation / Emmanuelle Boube</subfield>
</datafield>
<datafield tag="520" ind1=" " ind2=" ">
<subfield code="a">"Le forum, coeur politique de la civitas romaine, est &#224; l'origine d'une abondante litt&#233;rature. Les d&#233;couvertes arch&#233;ologiques qui se sont multipli&#233;es ces derni&#232;res ann&#233;es ont permis de faire avancer la connaissance sur un certain nombre de complexes. Cet ouvrage, issu du s&#233;minaire d'arch&#233;ologie romaine de l'Universit&#233; de Toulouse, a pour ambition de faire le point sur quelques uns de ces ensembles. Le forum est &#233;tudi&#233; ici sur la longue dur&#233;e, des premiers ensembles monumentaux de terre et de bois de la Protohistoire qui font l'objet de d&#233;bats sur la nature de leur fonction jusqu'au devenir du forum &#224; la fin de l'Antiquit&#233;. Cet ouvrage fait une large part &#224; la Gaule, mais prend &#233;galement en compte quelques ensembles des r&#233;gions voisines."--Back of dust jacket.</subfield>
</datafield>
<datafield tag="650" ind1=" " ind2="0">
<subfield code="a">Forums, Roman</subfield>
<subfield code="z">Gaul.</subfield>
</datafield>
<datafield tag="650" ind1=" " ind2="0">
<subfield code="a">Forums, Roman</subfield>
<subfield code="z">Europe.</subfield>
</datafield>
<datafield tag="650" ind1=" " ind2="7">
<subfield code="a">Forums, Roman.</subfield>
<subfield code="2">fast</subfield>
<subfield code="0">(OCoLC)fst00933119</subfield>
</datafield>
<datafield tag="651" ind1=" " ind2="7">
<subfield code="a">Europe.</subfield>
<subfield code="2">fast</subfield>
<subfield code="0">(OCoLC)fst01245064</subfield>
</datafield>
<datafield tag="651" ind1=" " ind2="7">
<subfield code="a">Europe</subfield>
<subfield code="z">Gaul.</subfield>
<subfield code="2">fast</subfield>
<subfield code="0">(OCoLC)fst01240016</subfield>
</datafield>
<datafield tag="650" ind1=" " ind2="7">
<subfield code="a">Forum</subfield>
<subfield code="2">gnd</subfield>
<subfield code="0">(DE-588)4155090-0</subfield>
</datafield>
<datafield tag="650" ind1=" " ind2="7">
<subfield code="a">R&#246;merzeit</subfield>
<subfield code="2">gnd</subfield>
<subfield code="0">(DE-588)4076769-3</subfield>
</datafield>
<datafield tag="651" ind1=" " ind2="7">
<subfield code="a">Gallien</subfield>
<subfield code="2">gnd</subfield>
<subfield code="0">(DE-588)4019150-3</subfield>
</datafield>
<datafield tag="700" ind1="1" ind2=" ">
<subfield code="a">Bouet, Alain.</subfield>
</datafield>
<datafield tag="710" ind1="2" ind2=" ">
<subfield code="a">TRACES (Organization)</subfield>
</datafield>
<datafield tag="830" ind1=" " ind2="0">
<subfield code="a">M&#233;moires (Ausonius (Institute)) ;</subfield>
<subfield code="v">31.</subfield>
<subfield code="x">1283-2995</subfield>
</datafield>
<datafield tag="OWN" ind1=" " ind2=" ">
<subfield code="a">GENERAL</subfield>
</datafield>
<datafield tag="AVA" ind1=" " ind2=" ">
<subfield code="a">NYU50</subfield>
<subfield code="b">NISAW</subfield>
<subfield code="c">Large Collection</subfield>
<subfield code="d">NA312 .F673 2012 Non-circulating</subfield>
<subfield code="e">unavailable</subfield>
<subfield code="t">Unavailable</subfield>
<subfield code="f">1</subfield>
<subfield code="g">1</subfield>
<subfield code="h">N</subfield>
<subfield code="i">0</subfield>
<subfield code="j">LARGE</subfield>
<subfield code="k">0</subfield>
</datafield>
</record>