<record xmlns="http://www.loc.gov/MARC21/slim" xmlns:xsi="http://www.w3.org/2001/XMLSchema-instance" xsi:schemaLocation="http://www.loc.gov/MARC21/slim http://www.loc.gov/standards/marcxml/schema/MARC21slim.xsd">
<leader>00000cam a2200673 i 4500</leader>
<controlfield tag="FMT">BK</controlfield>
<controlfield tag="LDR">00000cam a2200673 i 4500</controlfield>
<controlfield tag="001">004540731</controlfield>
<controlfield tag="003">OCoLC</controlfield>
<controlfield tag="005">20180702122214.0</controlfield>
<controlfield tag="008">161223t20162016gw a     bc   000 0 ger d</controlfield>
<datafield tag="010" ind1=" " ind2=" ">
<subfield code="a">2016509124</subfield>
</datafield>
<datafield tag="016" ind1="7" ind2=" ">
<subfield code="a">1080326359</subfield>
<subfield code="2">DE-101</subfield>
</datafield>
<datafield tag="020" ind1=" " ind2=" ">
<subfield code="a">9783731902966</subfield>
<subfield code="q">(set)</subfield>
</datafield>
<datafield tag="020" ind1=" " ind2=" ">
<subfield code="a">3731902966</subfield>
<subfield code="q">(set)</subfield>
</datafield>
<datafield tag="024" ind1="3" ind2=" ">
<subfield code="a">9783731902966</subfield>
</datafield>
<datafield tag="035" ind1="7" ind2=" ">
<subfield code="a">har160005635</subfield>
</datafield>
<datafield tag="035" ind1=" " ind2=" ">
<subfield code="a">(OCoLC)964535428</subfield>
</datafield>
<datafield tag="040" ind1=" " ind2=" ">
<subfield code="a">OHX</subfield>
<subfield code="b">eng</subfield>
<subfield code="e">rda</subfield>
<subfield code="c">DLC</subfield>
<subfield code="d">OHX</subfield>
<subfield code="d">ZYU</subfield>
<subfield code="d">JPG</subfield>
<subfield code="d">OCLCF</subfield>
<subfield code="d">OCLCO</subfield>
<subfield code="d">OCLCQ</subfield>
<subfield code="d">OCL</subfield>
<subfield code="d">OCLCO</subfield>
<subfield code="d">ZYU</subfield>
</datafield>
<datafield tag="041" ind1="0" ind2=" ">
<subfield code="a">ger</subfield>
<subfield code="a">ara</subfield>
</datafield>
<datafield tag="042" ind1=" " ind2=" ">
<subfield code="a">lccopycat</subfield>
</datafield>
<datafield tag="043" ind1=" " ind2=" ">
<subfield code="a">a-jo---</subfield>
<subfield code="a">e-gx---</subfield>
</datafield>
<datafield tag="050" ind1="0" ind2="0">
<subfield code="a">NA1479.7.A46</subfield>
<subfield code="b">Q27 2016</subfield>
</datafield>
<datafield tag="072" ind1=" " ind2="7">
<subfield code="a">NA</subfield>
<subfield code="2">lcco</subfield>
</datafield>
<datafield tag="079" ind1=" " ind2=" ">
<subfield code="a">(OCoLC)964535428</subfield>
</datafield>
<datafield tag="082" ind1="0" ind2="0">
<subfield code="a">728.8/2095695/8</subfield>
<subfield code="2">23</subfield>
</datafield>
<datafield tag="245" ind1="0" ind2="0">
<subfield code="a">Qasr al-Mschatta :</subfield>
<subfield code="b">ein fr&#252;hislamischer Palast in Jordanien und Berlin /</subfield>
<subfield code="c">herausgegeben von Johannes Cramer, Barbara Perlich und G&#252;nther Schauerte mit Ghazi Bisheh, Claus-Peter Haase, Monther Jamhawi und Fawwaz al-Kreisheh ; mit Beitr&#228;gen von Johannes Cramer, Volkmar Enderlein, Ute Franke, Claus-Peter Haase, Catreena Hamarneh, Lutz Ilisch, Jens Kr&#246;ger, Ali Manaser, Katharina Meinecke, Barbara Perlich, Birte Rogacki, G&#252;nther Schauerte, Moritz Taschner und Stefan Weber.</subfield>
</datafield>
<datafield tag="264" ind1=" " ind2="1">
<subfield code="a">Petersberg :</subfield>
<subfield code="b">Michael Imhof Verlag,</subfield>
<subfield code="c">[2016]</subfield>
</datafield>
<datafield tag="264" ind1=" " ind2="4">
<subfield code="c">&#169;2016</subfield>
</datafield>
<datafield tag="300" ind1=" " ind2=" ">
<subfield code="a">2 volumes :</subfield>
<subfield code="b">some color illustrations ;</subfield>
<subfield code="c">32 cm.</subfield>
</datafield>
<datafield tag="336" ind1=" " ind2=" ">
<subfield code="a">text</subfield>
<subfield code="b">txt</subfield>
<subfield code="2">rdacontent</subfield>
</datafield>
<datafield tag="336" ind1=" " ind2=" ">
<subfield code="a">still image</subfield>
<subfield code="b">sti</subfield>
<subfield code="2">rdacontent</subfield>
</datafield>
<datafield tag="337" ind1=" " ind2=" ">
<subfield code="a">unmediated</subfield>
<subfield code="b">n</subfield>
<subfield code="2">rdamedia</subfield>
</datafield>
<datafield tag="338" ind1=" " ind2=" ">
<subfield code="a">volume</subfield>
<subfield code="b">nc</subfield>
<subfield code="2">rdacarrier</subfield>
</datafield>
<datafield tag="490" ind1="1" ind2=" ">
<subfield code="a">Berliner Beitr&#228;ge zur Bauforschung und Denkmalpflege ;</subfield>
<subfield code="v">16</subfield>
</datafield>
<datafield tag="504" ind1=" " ind2=" ">
<subfield code="a">Includes bibliographical references (volume 1, pages 422-438; volume 2, pages 229-245).</subfield>
</datafield>
<datafield tag="546" ind1=" " ind2=" ">
<subfield code="a">Captions for illustrations also in Arabic.</subfield>
</datafield>
<datafield tag="610" ind1="2" ind2="0">
<subfield code="a">Mshatta (Jordan)</subfield>
</datafield>
<datafield tag="650" ind1=" " ind2="0">
<subfield code="a">Architecture, Umayyad</subfield>
<subfield code="z">Jordan</subfield>
<subfield code="z">Amman (Province)</subfield>
</datafield>
<datafield tag="650" ind1=" " ind2="0">
<subfield code="a">Decoration and ornament, Architectural</subfield>
<subfield code="z">Jordan</subfield>
<subfield code="z">Amman (Province)</subfield>
</datafield>
<datafield tag="650" ind1=" " ind2="0">
<subfield code="a">Facades</subfield>
<subfield code="z">Germany</subfield>
<subfield code="z">Berlin.</subfield>
</datafield>
<datafield tag="651" ind1=" " ind2="0">
<subfield code="a">Amman (Jordan : Province)</subfield>
<subfield code="x">Antiquities.</subfield>
</datafield>
<datafield tag="650" ind1=" " ind2="0">
<subfield code="a">Excavations (Archaeology)</subfield>
<subfield code="z">Jordan</subfield>
<subfield code="z">Amman (Province)</subfield>
</datafield>
<datafield tag="650" ind1=" " ind2="0">
<subfield code="a">Islamic architecture</subfield>
<subfield code="z">Jordan</subfield>
<subfield code="z">Amman.</subfield>
</datafield>
<datafield tag="650" ind1=" " ind2="0">
<subfield code="a">Islamic architecture</subfield>
<subfield code="z">Germany</subfield>
<subfield code="z">Berlin.</subfield>
</datafield>
<datafield tag="650" ind1=" " ind2="0">
<subfield code="a">Islamic architecture</subfield>
<subfield code="x">History</subfield>
<subfield code="y">To 1500.</subfield>
</datafield>
<datafield tag="650" ind1=" " ind2="0">
<subfield code="a">Islamic sculpture</subfield>
<subfield code="x">History</subfield>
<subfield code="y">To 1500.</subfield>
</datafield>
<datafield tag="651" ind1=" " ind2="7">
<subfield code="a">Qasr al-Mshatta.</subfield>
<subfield code="2">pleiades</subfield>
<subfield code="0">https://pleiades.stoa.org/places/53611473</subfield>
</datafield>
<datafield tag="610" ind1="2" ind2="7">
<subfield code="a">Mshatta (Jordan)</subfield>
<subfield code="2">fast</subfield>
<subfield code="0">(OCoLC)fst01983461</subfield>
</datafield>
<datafield tag="650" ind1=" " ind2="7">
<subfield code="a">Antiquities.</subfield>
<subfield code="2">fast</subfield>
<subfield code="0">(OCoLC)fst00810745</subfield>
</datafield>
<datafield tag="650" ind1=" " ind2="7">
<subfield code="a">Architecture, Umayyad.</subfield>
<subfield code="2">fast</subfield>
<subfield code="0">(OCoLC)fst00813974</subfield>
</datafield>
<datafield tag="650" ind1=" " ind2="7">
<subfield code="a">Decoration and ornament, Architectural.</subfield>
<subfield code="2">fast</subfield>
<subfield code="0">(OCoLC)fst00889225</subfield>
</datafield>
<datafield tag="650" ind1=" " ind2="7">
<subfield code="a">Excavations (Archaeology)</subfield>
<subfield code="2">fast</subfield>
<subfield code="0">(OCoLC)fst00917564</subfield>
</datafield>
<datafield tag="650" ind1=" " ind2="7">
<subfield code="a">Facades.</subfield>
<subfield code="2">fast</subfield>
<subfield code="0">(OCoLC)fst00919514</subfield>
</datafield>
<datafield tag="651" ind1=" " ind2="7">
<subfield code="a">Germany</subfield>
<subfield code="z">Berlin.</subfield>
<subfield code="2">fast</subfield>
<subfield code="0">(OCoLC)fst01204829</subfield>
</datafield>
<datafield tag="651" ind1=" " ind2="7">
<subfield code="a">Jordan</subfield>
<subfield code="z">Amman (Province)</subfield>
<subfield code="2">fast</subfield>
<subfield code="0">(OCoLC)fst01333406</subfield>
</datafield>
<datafield tag="700" ind1="1" ind2=" ">
<subfield code="a">Cramer, Johannes,</subfield>
<subfield code="d">1950-</subfield>
<subfield code="e">author,</subfield>
<subfield code="e">editor.</subfield>
</datafield>
<datafield tag="700" ind1="1" ind2=" ">
<subfield code="a">Perlich, Barbara,</subfield>
<subfield code="d">1976-</subfield>
<subfield code="e">author,</subfield>
<subfield code="e">editor.</subfield>
</datafield>
<datafield tag="700" ind1="1" ind2=" ">
<subfield code="a">Schauerte, G&#252;nther,</subfield>
<subfield code="e">author,</subfield>
<subfield code="e">editor.</subfield>
</datafield>
<datafield tag="700" ind1="1" ind2=" ">
<subfield code="a">B&#299;shah, Gh&#257;z&#299;,</subfield>
<subfield code="e">editor.</subfield>
</datafield>
<datafield tag="700" ind1="1" ind2=" ">
<subfield code="a">Haase, Claus-Peter,</subfield>
<subfield code="e">author,</subfield>
<subfield code="e">editor.</subfield>
</datafield>
<datafield tag="700" ind1="1" ind2=" ">
<subfield code="a">Jamhawi, Monther,</subfield>
<subfield code="e">editor.</subfield>
</datafield>
<datafield tag="700" ind1="1" ind2=" ">
<subfield code="a">Khurayshah, Faww&#257;z &#7716;amad,</subfield>
<subfield code="e">editor.</subfield>
</datafield>
<datafield tag="830" ind1=" " ind2="0">
<subfield code="a">Berliner Beitr&#228;ge zur Bauforschung und Denkmalpflege ;</subfield>
<subfield code="v">16.</subfield>
</datafield>
<datafield tag="OWN" ind1=" " ind2=" ">
<subfield code="a">GENERAL</subfield>
</datafield>
<datafield tag="AVA" ind1=" " ind2=" ">
<subfield code="a">NYU50</subfield>
<subfield code="b">BOBST</subfield>
<subfield code="c">Main Collection</subfield>
<subfield code="d">NA1479.7.A5 Q27 2016</subfield>
<subfield code="e">available</subfield>
<subfield code="t">Available</subfield>
<subfield code="f">2</subfield>
<subfield code="g">0</subfield>
<subfield code="h">Y</subfield>
<subfield code="i">6</subfield>
<subfield code="j">MAIN</subfield>
<subfield code="k">0</subfield>
</datafield>
<datafield tag="AVA" ind1=" " ind2=" ">
<subfield code="a">NYU50</subfield>
<subfield code="b">NIFA</subfield>
<subfield code="c">Main Collection</subfield>
<subfield code="d">NA1479.7.A5 Q27 2016 Non-circulating</subfield>
<subfield code="e">available</subfield>
<subfield code="t">Available</subfield>
<subfield code="f">2</subfield>
<subfield code="g">0</subfield>
<subfield code="h">Y</subfield>
<subfield code="i">0</subfield>
<subfield code="j">MAIN</subfield>
<subfield code="k">0</subfield>
</datafield>
<datafield tag="AVA" ind1=" " ind2=" ">
<subfield code="a">NYU50</subfield>
<subfield code="b">NISAW</subfield>
<subfield code="c">Large Collection</subfield>
<subfield code="d">NA1479.7.A46 Q27 2016 Non-circulating</subfield>
<subfield code="e">available</subfield>
<subfield code="t">Available</subfield>
<subfield code="f">2</subfield>
<subfield code="g">0</subfield>
<subfield code="h">Y</subfield>
<subfield code="i">0</subfield>
<subfield code="j">LARGE</subfield>
<subfield code="k">0</subfield>
</datafield>
</record>