<record xmlns="http://www.loc.gov/MARC21/slim" xmlns:xsi="http://www.w3.org/2001/XMLSchema-instance" xsi:schemaLocation="http://www.loc.gov/MARC21/slim http://www.loc.gov/standards/marcxml/schema/MARC21slim.xsd">
<leader>00000cam a22     Ii 4500</leader>
<controlfield tag="FMT">BK</controlfield>
<controlfield tag="LDR">00000cam a22     Ii 4500</controlfield>
<controlfield tag="001">006256269</controlfield>
<controlfield tag="005">20180730134313.0</controlfield>
<controlfield tag="008">180730s2014    fr abe   b    001 0 fre d</controlfield>
<datafield tag="020" ind1=" " ind2=" ">
<subfield code="a">9782356131188</subfield>
<subfield code="q">(hardcover)</subfield>
</datafield>
<datafield tag="020" ind1=" " ind2=" ">
<subfield code="a">2356131183</subfield>
<subfield code="q">(hardcover)</subfield>
</datafield>
<datafield tag="035" ind1=" " ind2=" ">
<subfield code="a">(OCoLC)907416850</subfield>
</datafield>
<datafield tag="040" ind1=" " ind2=" ">
<subfield code="a">INU</subfield>
<subfield code="b">eng</subfield>
<subfield code="e">rda</subfield>
<subfield code="c">INU</subfield>
<subfield code="d">INU</subfield>
<subfield code="d">OCLCF</subfield>
<subfield code="d">JPG</subfield>
<subfield code="d">DHA</subfield>
<subfield code="d">OCLCQ</subfield>
<subfield code="d">OCLCA</subfield>
<subfield code="d">NNU</subfield>
</datafield>
<datafield tag="043" ind1=" " ind2=" ">
<subfield code="a">f-ti---</subfield>
</datafield>
<datafield tag="050" ind1=" " ind2="4">
<subfield code="a">NA6091</subfield>
<subfield code="b">.B37 2014</subfield>
</datafield>
<datafield tag="082" ind1="0" ind2=" ">
<subfield code="a">939.73</subfield>
<subfield code="2">23</subfield>
</datafield>
<datafield tag="100" ind1="1" ind2=" ">
<subfield code="a">Baratte, Fran&#231;ois,</subfield>
<subfield code="e">author.</subfield>
</datafield>
<datafield tag="245" ind1="1" ind2="0">
<subfield code="a">Basiliques chr&#233;tiennes d'Afrique du Nord :</subfield>
<subfield code="b">inventaire et typologie.</subfield>
<subfield code="n">II,</subfield>
<subfield code="p">Inventaire des monuments de la Tunisie /</subfield>
<subfield code="c">Fran&#231;ois Baratte, Fathi Bejaoui, No&#235;l Duval, Sarah Berraho, Isabelle Gui, H&#233;l&#232;ne Jacquest.</subfield>
</datafield>
<datafield tag="246" ind1="1" ind2="0">
<subfield code="a">Inventaire des monuments de la Tunisie</subfield>
</datafield>
<datafield tag="246" ind1="3" ind2="0">
<subfield code="a">Monuments de la Tunisie</subfield>
</datafield>
<datafield tag="246" ind1="3" ind2="3">
<subfield code="a">Basiliques chr&#233;tiennes d'Afrique du Nord :</subfield>
<subfield code="b">Tunisie</subfield>
</datafield>
<datafield tag="264" ind1=" " ind2="1">
<subfield code="a">Pessac, Bordeaux :</subfield>
<subfield code="b">Ausonius &#201;ditions,</subfield>
<subfield code="c">2014.</subfield>
</datafield>
<datafield tag="264" ind1=" " ind2="2">
<subfield code="a">Paris :</subfield>
<subfield code="b">De Boccard</subfield>
</datafield>
<datafield tag="300" ind1=" " ind2=" ">
<subfield code="a">463 pages :</subfield>
<subfield code="b">illustrations (some color), color maps, plans ;</subfield>
<subfield code="c">28 cm.</subfield>
</datafield>
<datafield tag="336" ind1=" " ind2=" ">
<subfield code="a">text</subfield>
<subfield code="b">txt</subfield>
<subfield code="2">rdacontent</subfield>
</datafield>
<datafield tag="337" ind1=" " ind2=" ">
<subfield code="a">unmediated</subfield>
<subfield code="b">n</subfield>
<subfield code="2">rdamedia</subfield>
</datafield>
<datafield tag="338" ind1=" " ind2=" ">
<subfield code="a">volume</subfield>
<subfield code="b">nc</subfield>
<subfield code="2">rdacarrier</subfield>
</datafield>
<datafield tag="490" ind1="1" ind2=" ">
<subfield code="a">M&#233;moires / Ausonius &#201;ditions,</subfield>
<subfield code="x">1283-2995 ;</subfield>
<subfield code="v">38</subfield>
</datafield>
<datafield tag="500" ind1=" " ind2=" ">
<subfield code="a">"Avec le concours de l'universit&#233; Paris-Sorbonne, du laboratoire d'excellence RESMED (programme Investissements d'avenir ANR-10-LABX-72), de l'UMR 8167 "Orient et M&#233;diterran&#233;e", du Centre Antiquit&#233; classique et tardive et de la Mission arch&#233;ologique franco-tunisienne &#224; Ha&#239;dra; avec l'appui de l'Institut national du Patrimoine de Tunisie."</subfield>
</datafield>
<datafield tag="500" ind1=" " ind2=" ">
<subfield code="a">Added title page: Basiliques chr&#233;tiennes d'Afrique du Nord, II - Tunisie.</subfield>
</datafield>
<datafield tag="500" ind1=" " ind2=" ">
<subfield code="a">Sequel to: Gui, Isabel. Basiliques chr&#233;tiennes d'Afrique du nord : inventaire et typologie. I. Inventaire des monuments de l'Alg&#233;rie (Paris : Institut d'&#233;tudes augustiniennes, 1992), 2 v.</subfield>
</datafield>
<datafield tag="504" ind1=" " ind2=" ">
<subfield code="a">Includes bibliographical references (pages [427]-442) and index.</subfield>
</datafield>
<datafield tag="505" ind1="0" ind2="0">
<subfield code="t">Avant-propos /</subfield>
<subfield code="r">par Fran&#231;ois Baratte, Fathi Bejaoui, No&#235;l Duval --</subfield>
<subfield code="t">Cartes --</subfield>
<subfield code="t">Corpus des basiliques --</subfield>
<subfield code="t">Annexe : linteaux chr&#233;tiens.</subfield>
</datafield>
<datafield tag="650" ind1=" " ind2="0">
<subfield code="a">Architecture, Early Christian</subfield>
<subfield code="z">Tunisia</subfield>
<subfield code="v">Inventories.</subfield>
</datafield>
<datafield tag="650" ind1=" " ind2="0">
<subfield code="a">Catholic church buildings</subfield>
<subfield code="z">Tunisia</subfield>
<subfield code="v">Inventories.</subfield>
</datafield>
<datafield tag="650" ind1=" " ind2="0">
<subfield code="a">Basilicas</subfield>
<subfield code="z">Tunisia</subfield>
<subfield code="v">Inventories.</subfield>
</datafield>
<datafield tag="651" ind1=" " ind2="0">
<subfield code="a">Tunisia</subfield>
<subfield code="x">Antiquities</subfield>
<subfield code="v">Inventories.</subfield>
</datafield>
<datafield tag="650" ind1=" " ind2="7">
<subfield code="a">Antiquities.</subfield>
<subfield code="2">fast</subfield>
<subfield code="0">(OCoLC)fst00810745</subfield>
</datafield>
<datafield tag="650" ind1=" " ind2="7">
<subfield code="a">Architecture, Early Christian.</subfield>
<subfield code="2">fast</subfield>
<subfield code="0">(OCoLC)fst00813728</subfield>
</datafield>
<datafield tag="650" ind1=" " ind2="7">
<subfield code="a">Basilicas.</subfield>
<subfield code="2">fast</subfield>
<subfield code="0">(OCoLC)fst00828176</subfield>
</datafield>
<datafield tag="650" ind1=" " ind2="7">
<subfield code="a">Catholic church buildings.</subfield>
<subfield code="2">fast</subfield>
<subfield code="0">(OCoLC)fst00849149</subfield>
</datafield>
<datafield tag="651" ind1=" " ind2="7">
<subfield code="a">Tunisia.</subfield>
<subfield code="2">fast</subfield>
<subfield code="0">(OCoLC)fst01205477</subfield>
</datafield>
<datafield tag="655" ind1=" " ind2="7">
<subfield code="a">Inventories.</subfield>
<subfield code="2">fast</subfield>
<subfield code="0">(OCoLC)fst01423898</subfield>
</datafield>
<datafield tag="700" ind1="1" ind2=" ">
<subfield code="a">Bejaoui, F&#233;thi,</subfield>
<subfield code="e">author.</subfield>
</datafield>
<datafield tag="700" ind1="1" ind2=" ">
<subfield code="a">Duval, No&#235;l,</subfield>
<subfield code="e">author.</subfield>
</datafield>
<datafield tag="700" ind1="1" ind2=" ">
<subfield code="a">Berraho, Sarah,</subfield>
<subfield code="e">author.</subfield>
</datafield>
<datafield tag="700" ind1="1" ind2=" ">
<subfield code="a">Gui, Isabelle,</subfield>
<subfield code="e">author.</subfield>
</datafield>
<datafield tag="700" ind1="1" ind2=" ">
<subfield code="a">Jacquest, H&#233;l&#232;ne,</subfield>
<subfield code="e">author.</subfield>
</datafield>
<datafield tag="830" ind1=" " ind2="0">
<subfield code="a">M&#233;moires (Ausonius (Institute)) ;</subfield>
<subfield code="v">38.</subfield>
<subfield code="x">1283-2995</subfield>
</datafield>
<datafield tag="OWN" ind1=" " ind2=" ">
<subfield code="a">GENERAL</subfield>
</datafield>
<datafield tag="AVA" ind1=" " ind2=" ">
<subfield code="a">NYU50</subfield>
<subfield code="b">NISAW</subfield>
<subfield code="c">Large Collection</subfield>
<subfield code="d">NA6091 .B37 2014 Non-circulating</subfield>
<subfield code="e">unavailable</subfield>
<subfield code="t">Unavailable</subfield>
<subfield code="f">1</subfield>
<subfield code="g">1</subfield>
<subfield code="h">N</subfield>
<subfield code="i">0</subfield>
<subfield code="j">LARGE</subfield>
<subfield code="k">0</subfield>
</datafield>
</record>