<record xmlns="http://www.loc.gov/MARC21/slim" xmlns:xsi="http://www.w3.org/2001/XMLSchema-instance" xsi:schemaLocation="http://www.loc.gov/MARC21/slim http://www.loc.gov/standards/marcxml/schema/MARC21slim.xsd">
<leader>00000aam a2200277 a 45M</leader>
<controlfield tag="FMT">BK</controlfield>
<controlfield tag="LDR">00000aam a2200277 a 45M</controlfield>
<controlfield tag="001">001508343</controlfield>
<controlfield tag="003">NNU</controlfield>
<controlfield tag="005">20180718140824.0</controlfield>
<controlfield tag="008">980724s1998    cauab    b    001 0 eng</controlfield>
<datafield tag="010" ind1=" " ind2=" ">
<subfield code="a">98060172</subfield>
</datafield>
<datafield tag="020" ind1=" " ind2=" ">
<subfield code="z">08900035006 (alk. paper)</subfield>
</datafield>
<datafield tag="035" ind1="9" ind2=" ">
<subfield code="a">NYUb11975968</subfield>
</datafield>
<datafield tag="035" ind1=" " ind2=" ">
<subfield code="a">(OCoLC)ocm40744120</subfield>
</datafield>
<datafield tag="040" ind1=" " ind2=" ">
<subfield code="a">DLC</subfield>
<subfield code="c">DLC</subfield>
<subfield code="d">NNU</subfield>
</datafield>
<datafield tag="043" ind1=" " ind2=" ">
<subfield code="a">a-iq---</subfield>
</datafield>
<datafield tag="050" ind1="0" ind2="0">
<subfield code="a">NB80</subfield>
<subfield code="b">.A52 1998</subfield>
</datafield>
<datafield tag="079" ind1=" " ind2=" ">
<subfield code="a">(OCoLC)40744120</subfield>
</datafield>
<datafield tag="082" ind1="0" ind2="0">
<subfield code="a">732/.5</subfield>
<subfield code="2">21</subfield>
</datafield>
<datafield tag="100" ind1="1" ind2=" ">
<subfield code="a">Albenda, Pauline.</subfield>
</datafield>
<datafield tag="245" ind1="1" ind2="0">
<subfield code="a">Monumental art of the Assyrian Empire :</subfield>
<subfield code="b">dynamics of composition styles /</subfield>
<subfield code="c">by Pauline Albenda.</subfield>
</datafield>
<datafield tag="260" ind1=" " ind2=" ">
<subfield code="a">Malibu :</subfield>
<subfield code="b">Undena Publications,</subfield>
<subfield code="c">1998.</subfield>
</datafield>
<datafield tag="300" ind1=" " ind2=" ">
<subfield code="a">72</subfield>
<subfield code="b">ill., map ;</subfield>
<subfield code="c">28 cm.</subfield>
</datafield>
<datafield tag="490" ind1="1" ind2=" ">
<subfield code="a">Monographs on the ancient Near East ;</subfield>
<subfield code="v">v. 3, fasc. 1</subfield>
</datafield>
<datafield tag="500" ind1=" " ind2=" ">
<subfield code="a">"A Publication of IIMAS, International Institute for Mesopotamian Area Studies"--T.p. verso.</subfield>
</datafield>
<datafield tag="504" ind1=" " ind2=" ">
<subfield code="a">Includes bibliographical references (p. 33-36) and index.</subfield>
</datafield>
<datafield tag="650" ind1=" " ind2="0">
<subfield code="a">Relief (Sculpture), Assyro-Babylonian.</subfield>
</datafield>
<datafield tag="650" ind1=" " ind2="0">
<subfield code="a">Composition (Art)</subfield>
</datafield>
<datafield tag="651" ind1=" " ind2="0">
<subfield code="a">Assyria</subfield>
<subfield code="x">Antiquities.</subfield>
</datafield>
<datafield tag="651" ind1=" " ind2="7">
<subfield code="a">(As)Syria.</subfield>
<subfield code="2">pleiades</subfield>
<subfield code="0">https://pleiades.stoa.org/places/29492</subfield>
<subfield code="5">NyNyUAW</subfield>
</datafield>
<datafield tag="830" ind1=" " ind2="0">
<subfield code="a">Monographs on the ancient Near East (Malibu, Calif.) ;</subfield>
<subfield code="v">v. 3, fasc. 1.</subfield>
</datafield>
<datafield tag="OWN" ind1=" " ind2=" ">
<subfield code="a">GENERAL</subfield>
</datafield>
<datafield tag="AVA" ind1=" " ind2=" ">
<subfield code="a">NYU50</subfield>
<subfield code="b">BOBST</subfield>
<subfield code="c">Main Collection</subfield>
<subfield code="d">NB80 .A52 1998</subfield>
<subfield code="e">available</subfield>
<subfield code="t">Available</subfield>
<subfield code="f">1</subfield>
<subfield code="g">0</subfield>
<subfield code="h">N</subfield>
<subfield code="i">19</subfield>
<subfield code="j">MAIN</subfield>
<subfield code="k">0</subfield>
</datafield>
<datafield tag="AVA" ind1=" " ind2=" ">
<subfield code="a">NYU50</subfield>
<subfield code="b">NISAW</subfield>
<subfield code="c">Large Collection</subfield>
<subfield code="d">NB80 .A52 1998</subfield>
<subfield code="e">unavailable</subfield>
<subfield code="t">Unavailable</subfield>
<subfield code="f">1</subfield>
<subfield code="g">1</subfield>
<subfield code="h">N</subfield>
<subfield code="i">0</subfield>
<subfield code="j">LARGE</subfield>
<subfield code="k">0</subfield>
</datafield>
</record>