<record xmlns="http://www.loc.gov/MARC21/slim" xmlns:xsi="http://www.w3.org/2001/XMLSchema-instance" xsi:schemaLocation="http://www.loc.gov/MARC21/slim http://www.loc.gov/standards/marcxml/schema/MARC21slim.xsd">
<leader>00000cam a22      i 4500</leader>
<controlfield tag="FMT">BK</controlfield>
<controlfield tag="LDR">00000cam a22      i 4500</controlfield>
<controlfield tag="001">006249863</controlfield>
<controlfield tag="005">20180720144242.0</controlfield>
<controlfield tag="008">180716s2011    cy abe   b    100 0 eng c</controlfield>
<datafield tag="010" ind1=" " ind2=" ">
<subfield code="a">  2012407562</subfield>
</datafield>
<datafield tag="020" ind1=" " ind2=" ">
<subfield code="a">9789963560936</subfield>
</datafield>
<datafield tag="020" ind1=" " ind2=" ">
<subfield code="a">9963560938</subfield>
</datafield>
<datafield tag="035" ind1=" " ind2=" ">
<subfield code="a">(OCoLC)769643982</subfield>
</datafield>
<datafield tag="040" ind1=" " ind2=" ">
<subfield code="a">CGU</subfield>
<subfield code="b">eng</subfield>
<subfield code="e">rda</subfield>
<subfield code="c">CGU</subfield>
<subfield code="d">DLC</subfield>
<subfield code="d">OHX</subfield>
<subfield code="d">DEBBG</subfield>
<subfield code="d">OCLCQ</subfield>
<subfield code="d">UPX</subfield>
<subfield code="d">ZWZ</subfield>
<subfield code="d">OCLCF</subfield>
<subfield code="d">OCLCA</subfield>
<subfield code="d">OCL</subfield>
<subfield code="d">OCLCO</subfield>
<subfield code="d">OCLCA</subfield>
<subfield code="d">UEJ</subfield>
<subfield code="d">DHA</subfield>
<subfield code="d">OCLCQ</subfield>
<subfield code="d">T9K</subfield>
<subfield code="d">OCLCQ</subfield>
<subfield code="d">OCLCO</subfield>
<subfield code="d">NNU</subfield>
</datafield>
<datafield tag="042" ind1=" " ind2=" ">
<subfield code="a">pcc</subfield>
</datafield>
<datafield tag="043" ind1=" " ind2=" ">
<subfield code="a">aw-----</subfield>
</datafield>
<datafield tag="050" ind1="0" ind2="0">
<subfield code="a">NK3855.C9</subfield>
<subfield code="b">O536 2011</subfield>
</datafield>
<datafield tag="082" ind1="0" ind2="4">
<subfield code="a">930.1</subfield>
<subfield code="2">22/ger</subfield>
</datafield>
<datafield tag="084" ind1=" " ind2=" ">
<subfield code="a">LE 1851</subfield>
<subfield code="2">rvk</subfield>
</datafield>
<datafield tag="084" ind1=" " ind2=" ">
<subfield code="a">6,12</subfield>
<subfield code="2">ssgn</subfield>
</datafield>
<datafield tag="245" ind1="0" ind2="0">
<subfield code="a">On cooking pots, drinking cups, loomweights and ethnicity in bronze age Cyprus and neighbouring regions :</subfield>
<subfield code="b">an international archaeological symposium held in Nicosia, November 6th-7th, 2010 /</subfield>
<subfield code="c">edited by Vassos Karageorghis and Ourania Kouka.</subfield>
</datafield>
<datafield tag="264" ind1=" " ind2="1">
<subfield code="a">Nicosia :</subfield>
<subfield code="b">A.G. Leventis Foundation,</subfield>
<subfield code="c">2011.</subfield>
</datafield>
<datafield tag="300" ind1=" " ind2=" ">
<subfield code="a">355 pages :</subfield>
<subfield code="b">illustrations (some color), maps, plans ;</subfield>
<subfield code="c">30 cm</subfield>
</datafield>
<datafield tag="336" ind1=" " ind2=" ">
<subfield code="a">text</subfield>
<subfield code="b">txt</subfield>
<subfield code="2">rdacontent</subfield>
</datafield>
<datafield tag="337" ind1=" " ind2=" ">
<subfield code="a">unmediated</subfield>
<subfield code="b">n</subfield>
<subfield code="2">rdamedia</subfield>
</datafield>
<datafield tag="338" ind1=" " ind2=" ">
<subfield code="a">volume</subfield>
<subfield code="b">nc</subfield>
<subfield code="2">rdacarrier</subfield>
</datafield>
<datafield tag="504" ind1=" " ind2=" ">
<subfield code="a">Includes bibliographical references.</subfield>
</datafield>
<datafield tag="500" ind1=" " ind2=" ">
<subfield code="a">ISAW copy is from the library of Lawrence E. Stager.</subfield>
<subfield code="5">NyNyUAW</subfield>
</datafield>
<datafield tag="650" ind1=" " ind2="0">
<subfield code="a">Pottery, Ancient</subfield>
<subfield code="z">Cyprus</subfield>
<subfield code="v">Congresses.</subfield>
</datafield>
<datafield tag="651" ind1=" " ind2="0">
<subfield code="6">880-01</subfield>
<subfield code="a">Cyprus</subfield>
<subfield code="x">Antiquities</subfield>
<subfield code="v">Congresses.</subfield>
</datafield>
<datafield tag="650" ind1=" " ind2="0">
<subfield code="a">Bronze age</subfield>
<subfield code="z">Cyprus</subfield>
<subfield code="v">Congresses.</subfield>
</datafield>
<datafield tag="650" ind1=" " ind2="0">
<subfield code="a">Pottery, Ancient</subfield>
<subfield code="z">Middle East</subfield>
<subfield code="v">Congresses.</subfield>
</datafield>
<datafield tag="651" ind1=" " ind2="0">
<subfield code="a">Middle East</subfield>
<subfield code="x">Antiquities</subfield>
<subfield code="v">Congresses.</subfield>
</datafield>
<datafield tag="650" ind1=" " ind2="0">
<subfield code="a">Bronze age</subfield>
<subfield code="z">Middle East</subfield>
<subfield code="v">Congresses.</subfield>
</datafield>
<datafield tag="651" ind1=" " ind2="7">
<subfield code="a">Cyprus (island)</subfield>
<subfield code="2">pleiades</subfield>
<subfield code="0">https://pleiades.stoa.org/places/707498</subfield>
</datafield>
<datafield tag="650" ind1=" " ind2="7">
<subfield code="a">Gebrauchskeramik</subfield>
<subfield code="2">gnd</subfield>
<subfield code="0">(DE-588)4197509-1</subfield>
</datafield>
<datafield tag="651" ind1=" " ind2="7">
<subfield code="a">Zypern</subfield>
<subfield code="2">gnd</subfield>
<subfield code="0">(DE-588)4079596-2</subfield>
</datafield>
<datafield tag="650" ind1=" " ind2="7">
<subfield code="a">A&#770;ge du bronze</subfield>
<subfield code="z">Chypre</subfield>
<subfield code="x">Actes de congre&#768;s.</subfield>
<subfield code="2">ram</subfield>
</datafield>
<datafield tag="650" ind1=" " ind2="7">
<subfield code="a">A&#770;ge du bronze</subfield>
<subfield code="x">Moyen Orient</subfield>
<subfield code="x">Actes de congre&#768;s.</subfield>
<subfield code="2">ram</subfield>
</datafield>
<datafield tag="650" ind1=" " ind2="7">
<subfield code="a">Ce&#769;ramique antique</subfield>
<subfield code="z">Chypre</subfield>
<subfield code="x">Actes de congre&#768;s.</subfield>
<subfield code="2">ram</subfield>
</datafield>
<datafield tag="650" ind1=" " ind2="7">
<subfield code="a">Ethnicite&#769;</subfield>
<subfield code="z">Chypre</subfield>
<subfield code="x">Actes de congre&#768;s.</subfield>
<subfield code="2">ram</subfield>
</datafield>
<datafield tag="650" ind1=" " ind2="7">
<subfield code="a">Poids et mesures</subfield>
<subfield code="x">Moyen Orient</subfield>
<subfield code="x">Actes de congre&#768;s.</subfield>
<subfield code="2">ram</subfield>
</datafield>
<datafield tag="651" ind1=" " ind2="7">
<subfield code="a">Chypre</subfield>
<subfield code="x">Antiquite&#769;s</subfield>
<subfield code="x">Actes de congre&#768;s.</subfield>
<subfield code="2">ram</subfield>
</datafield>
<datafield tag="651" ind1=" " ind2="7">
<subfield code="a">Moyen Orient</subfield>
<subfield code="x">Antiquite&#769;s</subfield>
<subfield code="x">Actes de congre&#768;s.</subfield>
<subfield code="2">ram</subfield>
</datafield>
<datafield tag="650" ind1=" " ind2="7">
<subfield code="a">Antiquities.</subfield>
<subfield code="2">fast</subfield>
<subfield code="0">(OCoLC)fst00810745</subfield>
</datafield>
<datafield tag="650" ind1=" " ind2="7">
<subfield code="a">Bronze age.</subfield>
<subfield code="2">fast</subfield>
<subfield code="0">(OCoLC)fst00839439</subfield>
</datafield>
<datafield tag="650" ind1=" " ind2="7">
<subfield code="a">Pottery, Ancient.</subfield>
<subfield code="2">fast</subfield>
<subfield code="0">(OCoLC)fst01073658</subfield>
</datafield>
<datafield tag="651" ind1=" " ind2="7">
<subfield code="a">Cyprus.</subfield>
<subfield code="2">fast</subfield>
<subfield code="0">(OCoLC)fst01205213</subfield>
</datafield>
<datafield tag="651" ind1=" " ind2="7">
<subfield code="a">Middle East.</subfield>
<subfield code="2">fast</subfield>
<subfield code="0">(OCoLC)fst01241586</subfield>
</datafield>
<datafield tag="648" ind1=" " ind2="4">
<subfield code="a">Geschichte 1300 v. Chr.-1000 v. Chr.</subfield>
</datafield>
<datafield tag="655" ind1=" " ind2="7">
<subfield code="a">Conference papers and proceedings.</subfield>
<subfield code="2">fast</subfield>
<subfield code="0">(OCoLC)fst01423772</subfield>
</datafield>
<datafield tag="655" ind1=" " ind2="4">
<subfield code="a">Kongress</subfield>
<subfield code="z">Nikosia</subfield>
<subfield code="y">2010.</subfield>
</datafield>
<datafield tag="700" ind1="1" ind2=" ">
<subfield code="6">880-02</subfield>
<subfield code="a">Karageorghis, Vassos.</subfield>
</datafield>
<datafield tag="700" ind1="1" ind2=" ">
<subfield code="a">Kouka, Ourania.</subfield>
</datafield>
<datafield tag="700" ind1="1" ind2=" ">
<subfield code="a">Stager, Lawrence E.,</subfield>
<subfield code="e">former owner.</subfield>
<subfield code="5">NyNyUAW</subfield>
</datafield>
<datafield tag="740" ind1="0" ind2=" ">
<subfield code="a">Stager Collection.</subfield>
<subfield code="5">NyNyUAW</subfield>
</datafield>
<datafield tag="880" ind1=" " ind2="4">
<subfield code="6">651-01/</subfield>
<subfield code="a">&#922;&#973;&#960;&#961;&#959;&#962;</subfield>
<subfield code="x">&#913;&#961;&#967;&#945;&#953;&#959;&#769;&#964;&#951;&#964;&#949;&#962;</subfield>
<subfield code="x">&#931;&#965;&#957;&#941;&#948;&#961;&#953;&#945;.</subfield>
</datafield>
<datafield tag="880" ind1="1" ind2=" ">
<subfield code="6">700-02/</subfield>
<subfield code="a">&#922;&#959;&#965;&#954;&#945;&#769;, &#927;&#965;&#961;&#945;&#957;&#953;&#769;&#945;.</subfield>
<subfield code="4">edt</subfield>
</datafield>
<datafield tag="880" ind1="1" ind2=" ">
<subfield code="6">700-00/</subfield>
<subfield code="a">&#922;&#945;&#961;&#945;&#947;&#953;&#969;&#769;&#961;&#947;&#951;&#962;, &#914;&#945;&#769;&#963;&#959;&#962;,</subfield>
<subfield code="d">1929-</subfield>
<subfield code="4">edt</subfield>
</datafield>
<datafield tag="856" ind1="4" ind2="1">
<subfield code="3">Table of contents</subfield>
<subfield code="u">http://bvbr.bib-bvb.de:8991/F?func=service&amp;doc_library=BVB01&amp;doc_number=024595102&amp;line_number=0001&amp;func_code=DB_RECORDS&amp;service_type=MEDIA</subfield>
</datafield>
<datafield tag="856" ind1="4" ind2="1">
<subfield code="3">Table of contents</subfield>
<subfield code="u">http://bvbr.bib-bvb.de:8991/F?func=serviceetdoc_library=BVB01etdoc_number=024595102etline_number=0001etfunc_code=DB_RECORDSetservice_type=MEDIA</subfield>
</datafield>
<datafield tag="856" ind1="4" ind2="1">
<subfield code="3">Table of contents</subfield>
<subfield code="u">http://bvbr.bib-bvb.de:8991/F?func=service&amp;doc_library=BVB01&amp;local_base=BVB01&amp;doc_number=024595102&amp;line_number=0001&amp;func_code=DB_RECORDS&amp;service_type=MEDIA</subfield>
</datafield>
<datafield tag="OWN" ind1=" " ind2=" ">
<subfield code="a">GENERAL</subfield>
</datafield>
<datafield tag="AVA" ind1=" " ind2=" ">
<subfield code="a">NYU50</subfield>
<subfield code="b">NISAW</subfield>
<subfield code="c">Large Collection</subfield>
<subfield code="d">NK3855.C9 O536 2011</subfield>
<subfield code="e">unavailable</subfield>
<subfield code="t">Unavailable</subfield>
<subfield code="f">1</subfield>
<subfield code="g">1</subfield>
<subfield code="h">N</subfield>
<subfield code="i">0</subfield>
<subfield code="j">LARGE</subfield>
<subfield code="k">0</subfield>
</datafield>
</record>