<record xmlns="http://www.loc.gov/MARC21/slim" xmlns:xsi="http://www.w3.org/2001/XMLSchema-instance" xsi:schemaLocation="http://www.loc.gov/MARC21/slim http://www.loc.gov/standards/marcxml/schema/MARC21slim.xsd">
<leader>00000cam a2200469Ii 4500</leader>
<controlfield tag="FMT">BK</controlfield>
<controlfield tag="LDR">00000cam a2200469Ii 4500</controlfield>
<controlfield tag="001">006225415</controlfield>
<controlfield tag="003">OCoLC</controlfield>
<controlfield tag="005">20180711121624.0</controlfield>
<controlfield tag="008">180711t20182018xx abe   b    000 0 eng d</controlfield>
<datafield tag="020" ind1=" " ind2=" ">
<subfield code="a">3700179553</subfield>
</datafield>
<datafield tag="020" ind1=" " ind2=" ">
<subfield code="a">9783700179559</subfield>
</datafield>
<datafield tag="035" ind1=" " ind2=" ">
<subfield code="a">(OCoLC)1039929386</subfield>
</datafield>
<datafield tag="040" ind1=" " ind2=" ">
<subfield code="a">YDX</subfield>
<subfield code="b">eng</subfield>
<subfield code="e">rda</subfield>
<subfield code="c">YDX</subfield>
<subfield code="d">ZYU</subfield>
</datafield>
<datafield tag="043" ind1=" " ind2=" ">
<subfield code="a">a-is---</subfield>
<subfield code="a">a-cy---</subfield>
</datafield>
<datafield tag="050" ind1=" " ind2="4">
<subfield code="a">NK4146.C9</subfield>
<subfield code="b">M68 2018</subfield>
</datafield>
<datafield tag="100" ind1="1" ind2=" ">
<subfield code="a">Mountjoy, Penelope A.,</subfield>
<subfield code="e">author.</subfield>
</datafield>
<datafield tag="245" ind1="1" ind2="0">
<subfield code="a">Decorated pottery in Cyprus and Philistia in the 12th century BC :</subfield>
<subfield code="b">Cypriot IIIC and Philistine IIIC /</subfield>
<subfield code="c">P.A. Mountjoy.</subfield>
</datafield>
<datafield tag="264" ind1=" " ind2="1">
<subfield code="a">Vienna :</subfield>
<subfield code="b">Verlag der &#214;sterreichischen Akademie der Wissenschaften,</subfield>
<subfield code="c">[2018].</subfield>
</datafield>
<datafield tag="264" ind1=" " ind2="4">
<subfield code="c">&#169;2018</subfield>
</datafield>
<datafield tag="300" ind1=" " ind2=" ">
<subfield code="a">2 volumes (1287 pages) :</subfield>
<subfield code="b">black-and-white illustrations, maps, plans ;</subfield>
<subfield code="c">31 cm.</subfield>
</datafield>
<datafield tag="336" ind1=" " ind2=" ">
<subfield code="a">text</subfield>
<subfield code="b">txt</subfield>
<subfield code="2">rdacontent</subfield>
</datafield>
<datafield tag="336" ind1=" " ind2=" ">
<subfield code="a">still image</subfield>
<subfield code="b">sti</subfield>
<subfield code="2">rdacontent</subfield>
</datafield>
<datafield tag="337" ind1=" " ind2=" ">
<subfield code="a">unmediated</subfield>
<subfield code="b">n</subfield>
<subfield code="2">rdamedia</subfield>
</datafield>
<datafield tag="338" ind1=" " ind2=" ">
<subfield code="a">volume</subfield>
<subfield code="b">nc</subfield>
<subfield code="2">rdacarrier</subfield>
</datafield>
<datafield tag="490" ind1="1" ind2=" ">
<subfield code="a">Contributions to the chronology of the Eastern Mediterranean ;</subfield>
<subfield code="v">volume XXXVI</subfield>
</datafield>
<datafield tag="490" ind1="1" ind2=" ">
<subfield code="a">&#214;sterreichische Akademie der Wissenschaften. Denkschriften der Gesamtakademie ;</subfield>
<subfield code="v">Band LXXIX</subfield>
</datafield>
<datafield tag="504" ind1=" " ind2=" ">
<subfield code="a">Contains bibliographical references (pages 1273-1287).</subfield>
</datafield>
<datafield tag="505" ind1="0" ind2="0">
<subfield code="g">Volume 1.</subfield>
<subfield code="g">Part I.</subfield>
<subfield code="t">Cyprus.</subfield>
<subfield code="g">Section I.</subfield>
<subfield code="t">The Late LCIIC-Early LCIIIA phase : the "missing" IIIC:1a phase.</subfield>
<subfield code="t">The Levanto-Helladic shapes --</subfield>
<subfield code="t">The simple style --</subfield>
<subfield code="t">The rude or pastoral style --</subfield>
<subfield code="t">Towards a pan-island bowl typology.</subfield>
<subfield code="g">Section II.</subfield>
<subfield code="t">The sites : stratigraphy and pottery.</subfield>
<subfield code="t">Enkomi --</subfield>
<subfield code="t">Sinda --</subfield>
<subfield code="t">Athienou: Bamboulari tis Koukkouninnas --</subfield>
<subfield code="t">Idalion --</subfield>
<subfield code="t">Pyla : Kokkinokremos --</subfield>
<subfield code="t">Pyla : Verghi --</subfield>
<subfield code="t">Kition.</subfield>
<subfield code="g">Volume II.</subfield>
<subfield code="t">Hala Sultan Tekke --</subfield>
<subfield code="t">Kalavasos : Ay.Dhimitrios --</subfield>
<subfield code="t">Alassa : Pano Mandilaris --</subfield>
<subfield code="t">Kourion : Bamboula --</subfield>
<subfield code="t">Kourion : Kaloriziki --</subfield>
<subfield code="t">Kouklia : Palaepaphos --</subfield>
<subfield code="t">Mas : Palaeokastro --</subfield>
<subfield code="t">Apliki : Karamallos --</subfield>
<subfield code="t">Toumba tou Skourou --</subfield>
<subfield code="t">Myrtou : Pigadhes --</subfield>
<subfield code="t">Supplementary examples of ceramic types from other locations.</subfield>
<subfield code="g">Section III.</subfield>
<subfield code="t">An overview of the late Cypriot IIIC pottery.</subfield>
<subfield code="t">Local types --</subfield>
<subfield code="t">Enkomi : local and Aegean-style types --</subfield>
<subfield code="t">Other sites : local and Aegean-style types.</subfield>
<subfield code="g">Part II.</subfield>
<subfield code="t">Philistia.</subfield>
<subfield code="g">Section IV.</subfield>
<subfield code="t">The sites : stratigraphy and pottery.</subfield>
<subfield code="t">Ekron (Tel Miqne) --</subfield>
<subfield code="t">Ashdod --</subfield>
<subfield code="t">Ashkelon --</subfield>
<subfield code="t">Bethshean : the late Cypriot IIIC imports.</subfield>
<subfield code="g">Section V.</subfield>
<subfield code="t">An overview of the Aegean-style pottery from Philistia.</subfield>
<subfield code="g">Part III.</subfield>
<subfield code="t">Cyprus and Philistia.</subfield>
<subfield code="g">Section VI.</subfield>
<subfield code="t">A comparison of the Cypriot and Philistine Aegean-style pottery.</subfield>
</datafield>
<datafield tag="650" ind1=" " ind2="0">
<subfield code="a">Pottery, Cypriot.</subfield>
</datafield>
<datafield tag="650" ind1=" " ind2="0">
<subfield code="a">Pottery, Philistine.</subfield>
</datafield>
<datafield tag="650" ind1=" " ind2="0">
<subfield code="a">Iron age</subfield>
<subfield code="z">Cyprus.</subfield>
</datafield>
<datafield tag="650" ind1=" " ind2="0">
<subfield code="a">Iron age</subfield>
<subfield code="z">Palestine.</subfield>
</datafield>
<datafield tag="651" ind1=" " ind2="0">
<subfield code="a">Cyprus</subfield>
<subfield code="x">Antiquities.</subfield>
</datafield>
<datafield tag="651" ind1=" " ind2="0">
<subfield code="a">Palestine</subfield>
<subfield code="x">Antiquities.</subfield>
</datafield>
<datafield tag="651" ind1=" " ind2="7">
<subfield code="a">Cyprus (island)</subfield>
<subfield code="2">pleiades</subfield>
<subfield code="0">https://pleiades.stoa.org/places/707498</subfield>
</datafield>
<datafield tag="651" ind1=" " ind2="7">
<subfield code="a">Philistia.</subfield>
<subfield code="2">pleiades</subfield>
<subfield code="0">https://pleiades.stoa.org/places/660988416</subfield>
</datafield>
<datafield tag="710" ind1="2" ind2=" ">
<subfield code="a">Shelby White and Leon Levy Program for Archaeological Publications (Firm),</subfield>
<subfield code="e">sponsoring body.</subfield>
</datafield>
<datafield tag="740" ind1="0" ind2=" ">
<subfield code="a">White-Levy Program Collection.</subfield>
<subfield code="5">NyNyUAW</subfield>
</datafield>
<datafield tag="740" ind1="0" ind2=" ">
<subfield code="a">WLP Collection.</subfield>
<subfield code="5">NyNyUAW</subfield>
</datafield>
<datafield tag="830" ind1=" " ind2="0">
<subfield code="a">Contributions to the chronology of the Eastern Mediterranean ;</subfield>
<subfield code="v">v. 36.</subfield>
</datafield>
<datafield tag="830" ind1=" " ind2="0">
<subfield code="a">Denkschriften der Gesamtakademie ;</subfield>
<subfield code="v">Bd. 79.</subfield>
</datafield>
<datafield tag="994" ind1=" " ind2=" ">
<subfield code="a">Z0</subfield>
<subfield code="b">ZYU</subfield>
</datafield>
<datafield tag="OWN" ind1=" " ind2=" ">
<subfield code="a">GENERAL</subfield>
</datafield>
<datafield tag="AVA" ind1=" " ind2=" ">
<subfield code="a">NYU50</subfield>
<subfield code="b">NISAW</subfield>
<subfield code="c">Large Collection</subfield>
<subfield code="d">NK4146.C9 M68 2018 Non-circulating</subfield>
<subfield code="e">available</subfield>
<subfield code="t">Available</subfield>
<subfield code="f">2</subfield>
<subfield code="g">0</subfield>
<subfield code="h">Y</subfield>
<subfield code="i">0</subfield>
<subfield code="j">LARGE</subfield>
<subfield code="k">0</subfield>
</datafield>
</record>