<record xmlns="http://www.loc.gov/MARC21/slim" xmlns:xsi="http://www.w3.org/2001/XMLSchema-instance" xsi:schemaLocation="http://www.loc.gov/MARC21/slim http://www.loc.gov/standards/marcxml/schema/MARC21slim.xsd">
<leader>00000cam a22      a 4500</leader>
<controlfield tag="FMT">BK</controlfield>
<controlfield tag="LDR">00000cam a22      a 4500</controlfield>
<controlfield tag="001">006251436</controlfield>
<controlfield tag="005">20180717085920.0</controlfield>
<controlfield tag="008">180717s1983    ru af    c   f001 0 ruso</controlfield>
<datafield tag="010" ind1=" " ind2=" ">
<subfield code="a">   84134825</subfield>
</datafield>
<datafield tag="035" ind1=" " ind2=" ">
<subfield code="a">(OCoLC)11469049</subfield>
<subfield code="z">(OCoLC)1007996397</subfield>
</datafield>
<datafield tag="040" ind1=" " ind2=" ">
<subfield code="a">DLC</subfield>
<subfield code="b">eng</subfield>
<subfield code="c">DLC</subfield>
<subfield code="d">OCLCF</subfield>
<subfield code="d">OCLCQ</subfield>
<subfield code="d">OCLCO</subfield>
<subfield code="d">OCLCA</subfield>
<subfield code="d">UEJ</subfield>
<subfield code="d">OCLCQ</subfield>
<subfield code="d">OCLCO</subfield>
<subfield code="d">ZYU</subfield>
</datafield>
<datafield tag="043" ind1=" " ind2=" ">
<subfield code="a">e-gr---</subfield>
<subfield code="a">e-ru---</subfield>
</datafield>
<datafield tag="050" ind1="0" ind2="0">
<subfield code="a">NK4648</subfield>
<subfield code="b">.G67 1983</subfield>
</datafield>
<datafield tag="110" ind1="2" ind2=" ">
<subfield code="6">880-01</subfield>
<subfield code="a">Gosudarstvennyi&#774; E&#775;rmitazh (Russia).</subfield>
</datafield>
<datafield tag="245" ind1="1" ind2="0">
<subfield code="6">880-02</subfield>
<subfield code="a">Chernofigurnye atticheskie vazy v E&#775;rmitazhe :</subfield>
<subfield code="b">katalog /</subfield>
<subfield code="c">K.S. Gorbunova.</subfield>
</datafield>
<datafield tag="260" ind1=" " ind2=" ">
<subfield code="6">880-03</subfield>
<subfield code="a">Leningrad :</subfield>
<subfield code="b">"Iskusstvo, " Leningradskoe otd-nie,</subfield>
<subfield code="c">1983.</subfield>
</datafield>
<datafield tag="300" ind1=" " ind2=" ">
<subfield code="a">221</subfield>
<subfield code="b">illustrations (some color) ;</subfield>
<subfield code="c">23 cm</subfield>
</datafield>
<datafield tag="336" ind1=" " ind2=" ">
<subfield code="a">text</subfield>
<subfield code="b">txt</subfield>
<subfield code="2">rdacontent</subfield>
</datafield>
<datafield tag="337" ind1=" " ind2=" ">
<subfield code="a">unmediated</subfield>
<subfield code="b">n</subfield>
<subfield code="2">rdamedia</subfield>
</datafield>
<datafield tag="338" ind1=" " ind2=" ">
<subfield code="a">volume</subfield>
<subfield code="b">nc</subfield>
<subfield code="2">rdacarrier</subfield>
</datafield>
<datafield tag="500" ind1=" " ind2=" ">
<subfield code="a">ISAW copy is from the library of Aleksandr Leskov.</subfield>
<subfield code="5">NyNyUAW</subfield>
</datafield>
<datafield tag="500" ind1=" " ind2=" ">
<subfield code="a">Includes index.</subfield>
</datafield>
<datafield tag="610" ind1="2" ind2="0">
<subfield code="a">Gosudarstvennyi&#774; E&#775;rmitazh (Russia)</subfield>
<subfield code="v">Catalogs.</subfield>
</datafield>
<datafield tag="650" ind1=" " ind2="0">
<subfield code="a">Vases, Greek</subfield>
<subfield code="v">Catalogs.</subfield>
</datafield>
<datafield tag="650" ind1=" " ind2="0">
<subfield code="a">Vases</subfield>
<subfield code="z">Russia (Federation)</subfield>
<subfield code="z">Saint Petersburg</subfield>
<subfield code="v">Catalogs.</subfield>
</datafield>
<datafield tag="700" ind1="1" ind2=" ">
<subfield code="6">880-04</subfield>
<subfield code="a">Gorbunova, K. S.</subfield>
<subfield code="q">(Ksenii&#65056;a&#65057; Sergeevna),</subfield>
<subfield code="e">author of supplementary textual content.</subfield>
</datafield>
<datafield tag="776" ind1="0" ind2="8">
<subfield code="i">Online version:</subfield>
<subfield code="a">Gosudarstvennyi&#774; E&#775;rmitazh (Russia).</subfield>
<subfield code="t">Chernofigurnye atticheskie vazy v E&#775;rmitazhe.</subfield>
<subfield code="d">Leningrad : "Iskusstvo," Leningradskoe otd-nie, 1983</subfield>
<subfield code="w">(OCoLC)562256532</subfield>
</datafield>
<datafield tag="700" ind1="1" ind2=" ">
<subfield code="a">Leskov, Aleksandr Mikha&#301;lovich,</subfield>
<subfield code="e">former owner.</subfield>
<subfield code="5">NyNyUAW</subfield>
</datafield>
<datafield tag="740" ind1="0" ind2=" ">
<subfield code="a">Leskov Collection.</subfield>
<subfield code="5">NyNyUAW</subfield>
</datafield>
<datafield tag="880" ind1="2" ind2=" ">
<subfield code="6">110-01/</subfield>
<subfield code="a">&#1043;&#1086;&#1089;&#1091;&#1076;&#1072;&#1088;&#1089;&#1090;&#1074;&#1077;&#1085;&#1085;&#1099;&#1081; &#1069;&#1088;&#1084;&#1080;&#1090;&#1072;&#1078; (&#1056;o&#1089;&#1089;&#1080;&#1072;).</subfield>
</datafield>
<datafield tag="880" ind1="1" ind2="0">
<subfield code="6">245-02/</subfield>
<subfield code="a">&#1063;&#1077;&#1088;&#1085;&#1086;&#1092;&#1080;&#1075;&#1091;&#1088;&#1085;&#1099;&#1077; &#1072;&#1090;&#1090;&#1080;&#1095;&#1077;&#1089;&#1082;&#1080;&#1077; &#1074;&#1072;&#1079;&#1099; &#1074; &#1069;&#1088;&#1084;&#1080;&#1090;&#1072;&#1078;&#1077; :</subfield>
<subfield code="b">&#1082;&#1072;&#1090;&#1072;&#1083;&#1086;&#1075; /</subfield>
<subfield code="c">&#1050;.&#1057;. &#1043;&#1086;&#1088;&#1073;&#1091;&#1085;&#1086;&#1074;&#1072;.</subfield>
</datafield>
<datafield tag="880" ind1=" " ind2=" ">
<subfield code="6">260-03/</subfield>
<subfield code="a">&#1051;&#1077;&#1085;&#1080;&#1085;&#1075;&#1088;&#1072;&#1076; :</subfield>
<subfield code="b">"&#1048;&#1089;&#1082;&#1091;&#1089;&#1089;&#1090;&#1074;&#1086;, " &#1051;&#1077;&#1085;&#1080;&#1085;&#1075;&#1088;&#1072;&#1076;&#1089;&#1082;&#1086;&#1077; &#1086;&#1090;&#1076;-&#1085;&#1080;&#1077;,</subfield>
<subfield code="c">1983.</subfield>
</datafield>
<datafield tag="880" ind1="1" ind2=" ">
<subfield code="6">700-04/</subfield>
<subfield code="a">&#1043;&#1086;&#1088;&#1073;&#1091;&#1085;&#1086;&#1074;&#1072;, &#1050;. &#1057;.</subfield>
<subfield code="q">(&#1050;&#1089;&#1077;&#1085;&#1080;&#1103; &#1057;&#1077;&#1088;&#1075;&#1077;&#1077;&#1074;&#1085;&#1072;),</subfield>
<subfield code="e">author of supplementary textual content.</subfield>
</datafield>
<datafield tag="OWN" ind1=" " ind2=" ">
<subfield code="a">GENERAL</subfield>
</datafield>
<datafield tag="AVA" ind1=" " ind2=" ">
<subfield code="a">NYU50</subfield>
<subfield code="b">NISAW</subfield>
<subfield code="c">Small Collection</subfield>
<subfield code="d">NK4648 .G67 1983 Non-circulating</subfield>
<subfield code="e">unavailable</subfield>
<subfield code="t">Unavailable</subfield>
<subfield code="f">1</subfield>
<subfield code="g">1</subfield>
<subfield code="h">N</subfield>
<subfield code="i">0</subfield>
<subfield code="j">SMALL</subfield>
<subfield code="k">0</subfield>
</datafield>
</record>