<record xmlns="http://www.loc.gov/MARC21/slim" xmlns:xsi="http://www.w3.org/2001/XMLSchema-instance" xsi:schemaLocation="http://www.loc.gov/MARC21/slim http://www.loc.gov/standards/marcxml/schema/MARC21slim.xsd">
<leader>00000cam a22      i 4500</leader>
<controlfield tag="FMT">BK</controlfield>
<controlfield tag="LDR">00000cam a22      i 4500</controlfield>
<controlfield tag="001">006254234</controlfield>
<controlfield tag="005">20180723165123.0</controlfield>
<controlfield tag="008">180723s2017    fr abe   b    000 0 fre</controlfield>
<datafield tag="010" ind1=" " ind2=" ">
<subfield code="a">  2016489715</subfield>
</datafield>
<datafield tag="020" ind1=" " ind2=" ">
<subfield code="a">9782356131782</subfield>
<subfield code="q">(hbk.)</subfield>
</datafield>
<datafield tag="020" ind1=" " ind2=" ">
<subfield code="a">2356131787</subfield>
<subfield code="q">(hbk.)</subfield>
</datafield>
<datafield tag="035" ind1=" " ind2=" ">
<subfield code="a">(OCoLC)976089062</subfield>
<subfield code="z">(OCoLC)978809809</subfield>
<subfield code="z">(OCoLC)979230425</subfield>
<subfield code="z">(OCoLC)979379523</subfield>
<subfield code="z">(OCoLC)979509476</subfield>
</datafield>
<datafield tag="040" ind1=" " ind2=" ">
<subfield code="a">DLC</subfield>
<subfield code="b">eng</subfield>
<subfield code="e">rda</subfield>
<subfield code="c">DLC</subfield>
<subfield code="d">AUXAM</subfield>
<subfield code="d">ERASP</subfield>
<subfield code="d">HLS</subfield>
<subfield code="d">NOC</subfield>
<subfield code="d">OCLCF</subfield>
<subfield code="d">OCLCO</subfield>
<subfield code="d">OCL</subfield>
<subfield code="d">CHVBK</subfield>
<subfield code="d">OCLCO</subfield>
<subfield code="d">OCLCA</subfield>
<subfield code="d">OCLCQ</subfield>
<subfield code="d">NNU</subfield>
</datafield>
<datafield tag="042" ind1=" " ind2=" ">
<subfield code="a">pcc</subfield>
</datafield>
<datafield tag="043" ind1=" " ind2=" ">
<subfield code="a">e-fr---</subfield>
<subfield code="a">mm-----</subfield>
</datafield>
<datafield tag="050" ind1="0" ind2="0">
<subfield code="a">NK4654</subfield>
<subfield code="b">.C36 2017</subfield>
</datafield>
<datafield tag="082" ind1="0" ind2="4">
<subfield code="a">930</subfield>
</datafield>
<datafield tag="100" ind1="1" ind2=" ">
<subfield code="a">Carrato, Charlotte,</subfield>
<subfield code="e">author.</subfield>
</datafield>
<datafield tag="245" ind1="1" ind2="3">
<subfield code="a">Le dolium en Gaule narbonnaise (Ier s. a.C. - IIIe s. p.C.) :</subfield>
<subfield code="b">contribution a&#768; l'histoire socio-e&#769;conomique de la Me&#769;diterrane&#769;e nord-occidentale /</subfield>
<subfield code="c">Charlotte Carrato.</subfield>
</datafield>
<datafield tag="264" ind1=" " ind2="1">
<subfield code="a">Bordeaux :</subfield>
<subfield code="b">Ausonius,</subfield>
<subfield code="c">2017.</subfield>
</datafield>
<datafield tag="300" ind1=" " ind2=" ">
<subfield code="a">748 pages :</subfield>
<subfield code="b">illustrations (some color), color maps, plans ;</subfield>
<subfield code="c">29 cm.</subfield>
</datafield>
<datafield tag="336" ind1=" " ind2=" ">
<subfield code="a">text</subfield>
<subfield code="b">txt</subfield>
<subfield code="2">rdacontent</subfield>
</datafield>
<datafield tag="337" ind1=" " ind2=" ">
<subfield code="a">unmediated</subfield>
<subfield code="b">n</subfield>
<subfield code="2">rdamedia</subfield>
</datafield>
<datafield tag="338" ind1=" " ind2=" ">
<subfield code="a">volume</subfield>
<subfield code="b">nc</subfield>
<subfield code="2">rdacarrier</subfield>
</datafield>
<datafield tag="490" ind1="1" ind2=" ">
<subfield code="a">Me&#769;moires,</subfield>
<subfield code="x">1283-2995 ;</subfield>
<subfield code="v">46</subfield>
</datafield>
<datafield tag="500" ind1=" " ind2=" ">
<subfield code="a">Based on the author's thesis--Universite&#769; Paul Vale&#769;ry de Montpellier, 2014.</subfield>
</datafield>
<datafield tag="504" ind1=" " ind2=" ">
<subfield code="a">Includes bibliographical references (pages 717-748).</subfield>
</datafield>
<datafield tag="505" ind1="0" ind2="0">
<subfield code="g">1.</subfield>
<subfield code="t">Le dolium en gaule me&#769;ridionale ; historiographie, de&#769;finition et cadre the&#769;orique de l'e&#769;tude --</subfield>
<subfield code="t">Historiographie de la recherche sur les dolia en France --</subfield>
<subfield code="t">Le XXe sie&#768;cle : l'he&#769;ritage des antiquaires --</subfield>
<subfield code="t">Le tournant du XXe sie&#768;cle : les pre&#769;mices de la recherche --</subfield>
<subfield code="t">De l'entre-deux-guerres aux anne&#769;es 1970 : les dolia et leur contexte --</subfield>
<subfield code="t">Des anne&#769;es 198o a&#768; aujourd'hui ; le dolium comme un outil de la recherche --</subfield>
<subfield code="t">Vers une de&#769;finition du dolium de Gaule me&#769;ridionale --</subfield>
<subfield code="t">A&#768; l'origine d'une confusion ancienne --</subfield>
<subfield code="t">Le corpus des dolia complets de Gaule me&#769;ridionale (cf. Catalogue la) --</subfield>
<subfield code="t">Tailles et morphologies des dolia en Gaule me&#769;ridionale --</subfield>
<subfield code="t">De&#769;finition synthe&#769;tique du dolium en Gaule --</subfield>
<subfield code="t">Le dolium a&#768; l'e&#769;poque protohistorique en Gaule me&#769;ridionale --</subfield>
<subfield code="t">Analyse spatiale de l'apparition et de la diffusion du dolium en Gaule me&#769;ridionale pre&#769;romaine. --</subfield>
<subfield code="t">La morphologie du dolium en Gaule me&#769;ridionale pre&#769;romaine --</subfield>
<subfield code="t">Place et fonction du dolium dans le monde indige&#768;ne en Gaule me&#769;ridionale pre&#769;romaine --</subfield>
<subfield code="t">E&#769;le&#769;ments de re&#769;flexion sur l'origine du dolium en Gaule --</subfield>
<subfield code="g">2.</subfield>
<subfield code="t">Un conteneur peu normalise&#769; : approche typologique du dolium romain --</subfield>
<subfield code="t">Remarques pre&#769;liminaires : le cadre the&#769;orique de l'e&#769;tude typologique des do- lia --</subfield>
<subfield code="t">Le travail du potier : a&#768; l'origine de la forme --</subfield>
<subfield code="t">Le choix du "consommateur" : de la forme a&#768; l'usage --</subfield>
<subfield code="t">Le classement typologique du dolium : de la forme au type --</subfield>
<subfield code="t">Le cadre me&#769;thodologique : de&#769;finition d'un nouveau protocole d'e&#769;tude adapte&#769; aux ce&#769;ramiques de grandes tailles --</subfield>
<subfield code="t">E&#769;le&#769;ments constitutifs d'un dolium --</subfield>
<subfield code="t">Tri et enregistrement des donne&#769;es --</subfield>
<subfield code="t">Repre&#769;sentation graphique --</subfield>
<subfield code="t">E&#769;valuation de la taille et du poids d'un dolium complet --</subfield>
<subfield code="t">Restitution hypothe&#769;tique de la capacite&#769; des douta fragmentaires --</subfield>
</datafield>
<datafield tag="505" ind1="0" ind2="0">
<subfield code="t">Pre&#769;sentation du catalogue des dolia de Gaule Narbonnaise --</subfield>
<subfield code="t">La typologie-chronologie de dolia de Gaule Narbonnaise --</subfield>
<subfield code="t">Variations morpho-me&#769;triques des dolia de Me&#769;diterrane&#769;e nord-occidentale --</subfield>
<subfield code="g">3.</subfield>
<subfield code="t">Une production spe&#769;cialise&#769;e : fabrication et diffusion du dolium en gaule romaine --</subfield>
<subfield code="t">La fabrication des dolia antiques a&#768; la lumie&#768;re de l'ethnographie --</subfield>
<subfield code="t">La pre&#769;paration de la pa&#770;te --</subfield>
<subfield code="t">Le montage aux colombins --</subfield>
<subfield code="t">Re&#769;partition et diffusion des ateliers de dolia en Gaule : de l'arche&#769;ologie a&#768; l'arche&#769;ome&#769;trie --</subfield>
<subfield code="t">Cadre me&#769;thodologique de l'e&#769;tude --</subfield>
<subfield code="t">Processus de discrimination des groupes de pa&#770;tes --</subfield>
<subfield code="t">Synthe&#768;se sur la production et la diffusion des &amp; dia en Gaule romaine --</subfield>
<subfield code="t">Les acteurs de la production --</subfield>
<subfield code="t">Les estampilles sur dolia de Gaule Narbonnaise --</subfield>
<subfield code="t">Les estampilles sur couvercles de doua : un te&#769;moignage des e&#769;changes entre Rome et la Narbonnaise orientale --</subfield>
<subfield code="t">Synthe&#768;se et comparaisons --</subfield>
<subfield code="g">4.</subfield>
<subfield code="t">Un outil indispensable de la production vinicole et ole&#769;icole du haut-empire --</subfield>
<subfield code="t">Re&#769;flexions pre&#769;liminaires sur l'usage des dolia --</subfield>
<subfield code="t">Le cycle de vie d'un dolium --</subfield>
<subfield code="t">Mise en service et entretiens --</subfield>
<subfield code="t">Les marques nume&#769;rales incise&#769;es sur dolia --</subfield>
<subfield code="t">Les chais et celliers a&#768; &amp; dia de Gaule Narbonnaise --</subfield>
<subfield code="t">Une construction adapte&#769;e a&#768; de fortes contraintes --</subfield>
<subfield code="t">Une aide a&#768; la connaissance de la production de vin et d'huile en Gaule Narbonnaise --</subfield>
<subfield code="t">Un conteneur polyvalent --</subfield>
<subfield code="t">Comme cuvelage de puits --</subfield>
<subfield code="t">Comme re&#769;serve d'eau et recueil des eaux de pluie.</subfield>
</datafield>
<datafield tag="520" ind1=" " ind2=" ">
<subfield code="a">"Nul autre vase en ce&#769;ramique n'aura mieux que le dolium rendu compte de la de&#769;mesure romaine. D'abord importe&#769;e par les Grecs en Italie dans le courant du VIIIe sie&#768;cle a.C., cette grande jarre de stockage en terre cuite va peu a&#768; peu conque&#769;rir l'ensemble de la Me&#769;diterrane&#769;e nord-occidentale. Parce qu'il constitue un conteneur parfaitement adapte&#769; au climat chaud du pourtour me&#769;diterrane&#769;en, il devient dans le courant du IIe s. a.C. le symbole de la viticulture et de l'ole&#769;iculture intensive, et ce au moins jusqu'au IIIe s. p.C. L'arche&#769;ologie a longtemps de&#769;laisse&#769; ce mate&#769;riel lourd et souvent informe qui jonche pourtant le sol des anciens chais et celliers a&#768; dolia des exploitations agricoles antiques. A&#768; travers le cas particulier de la Gaule Narbonnaise, le pre&#769;sent travail se propose de re&#769;e&#769;valuer la place qu'a pu jouer ce conteneur dans le de&#769;veloppement e&#769;conomique de cette province, entre le Ier s. a.C. et le IIIe s. p.C. ..."--Jacket.</subfield>
</datafield>
<datafield tag="520" ind1=" " ind2=" ">
<subfield code="a">"The dolium is the largest container ever used in the ancient world. First imported by the Greeks in Italy during the VIIth century B.C., this terracotta jar will gradually conquer the whole northwestern Mediterranean territories. Because of its perfect adaptation to the warm climate of Mediterranean area, it became during the IInd century A.D. a symbol of intensive viticulture and olive growing, at least until the IIIrd century A.D. Archaeology neglected for a long time the study of these heavy and shapelss ceramic fragments strewn across the ground of ancient farm's storehouses. Through the Narbonese province case, this work aims to reassess the place of this container in the economic development between the Ist century B.C. to the IIIrd century A.D. ..."--Jacket.</subfield>
</datafield>
<datafield tag="650" ind1=" " ind2="0">
<subfield code="a">Vases, Roman</subfield>
<subfield code="z">France, Southeast.</subfield>
</datafield>
<datafield tag="650" ind1=" " ind2="0">
<subfield code="a">Pottery, Roman</subfield>
<subfield code="z">France, Southeast.</subfield>
</datafield>
<datafield tag="650" ind1=" " ind2="0">
<subfield code="a">Vases, Gallo-Roman</subfield>
<subfield code="z">France, Southeast.</subfield>
</datafield>
<datafield tag="650" ind1=" " ind2="0">
<subfield code="a">Storage jars</subfield>
<subfield code="z">France, Southeast</subfield>
<subfield code="x">History.</subfield>
</datafield>
<datafield tag="650" ind1=" " ind2="0">
<subfield code="a">Historic warehouses</subfield>
<subfield code="z">France, Southeast</subfield>
<subfield code="x">History.</subfield>
</datafield>
<datafield tag="650" ind1=" " ind2="0">
<subfield code="a">Pottery</subfield>
<subfield code="z">France, Southeast</subfield>
<subfield code="x">Marks.</subfield>
</datafield>
<datafield tag="650" ind1=" " ind2="0">
<subfield code="a">Excavations (Archaeology)</subfield>
<subfield code="z">France, Southeast.</subfield>
</datafield>
<datafield tag="651" ind1=" " ind2="0">
<subfield code="a">France, Southeast</subfield>
<subfield code="x">Antiquities, Roman.</subfield>
</datafield>
<datafield tag="651" ind1=" " ind2="0">
<subfield code="a">France, Southeast</subfield>
<subfield code="x">Rural conditions</subfield>
<subfield code="x">History.</subfield>
</datafield>
<datafield tag="650" ind1=" " ind2="7">
<subfield code="a">Classical antiquities.</subfield>
<subfield code="2">fast</subfield>
<subfield code="0">(OCoLC)fst00863445</subfield>
</datafield>
<datafield tag="650" ind1=" " ind2="7">
<subfield code="a">Excavations (Archaeology)</subfield>
<subfield code="2">fast</subfield>
<subfield code="0">(OCoLC)fst00917564</subfield>
</datafield>
<datafield tag="650" ind1=" " ind2="7">
<subfield code="a">Historic warehouses.</subfield>
<subfield code="2">fast</subfield>
<subfield code="0">(OCoLC)fst01744854</subfield>
</datafield>
<datafield tag="650" ind1=" " ind2="7">
<subfield code="a">Pottery</subfield>
<subfield code="x">Marks.</subfield>
<subfield code="2">fast</subfield>
<subfield code="0">(OCoLC)fst01073597</subfield>
</datafield>
<datafield tag="650" ind1=" " ind2="7">
<subfield code="a">Rural conditions.</subfield>
<subfield code="2">fast</subfield>
<subfield code="0">(OCoLC)fst01101474</subfield>
</datafield>
<datafield tag="650" ind1=" " ind2="7">
<subfield code="a">Storage jars.</subfield>
<subfield code="2">fast</subfield>
<subfield code="0">(OCoLC)fst01133991</subfield>
</datafield>
<datafield tag="650" ind1=" " ind2="7">
<subfield code="a">Vases, Gallo-Roman.</subfield>
<subfield code="2">fast</subfield>
<subfield code="0">(OCoLC)fst01743188</subfield>
</datafield>
<datafield tag="650" ind1=" " ind2="7">
<subfield code="a">Vases, Roman.</subfield>
<subfield code="2">fast</subfield>
<subfield code="0">(OCoLC)fst01164583</subfield>
</datafield>
<datafield tag="651" ind1=" " ind2="7">
<subfield code="a">France, Southeast.</subfield>
<subfield code="2">fast</subfield>
<subfield code="0">(OCoLC)fst01692692</subfield>
</datafield>
<datafield tag="650" ind1=" " ind2="7">
<subfield code="a">Pottery, Roman.</subfield>
<subfield code="2">fast</subfield>
<subfield code="0">(OCoLC)fst01073863</subfield>
</datafield>
<datafield tag="650" ind1=" " ind2="7">
<subfield code="a">Archa&#776;ologie</subfield>
<subfield code="2">gnd</subfield>
<subfield code="0">(DE-588)4002827-6</subfield>
</datafield>
<datafield tag="650" ind1=" " ind2="7">
<subfield code="a">Ausgrabung</subfield>
<subfield code="2">gnd</subfield>
<subfield code="0">(DE-588)4129464-6</subfield>
</datafield>
<datafield tag="650" ind1=" " ind2="7">
<subfield code="a">Tongefa&#776;&#223;</subfield>
<subfield code="2">gnd</subfield>
<subfield code="0">(DE-588)4342425-9</subfield>
</datafield>
<datafield tag="650" ind1=" " ind2="7">
<subfield code="a">Vorratsgefa&#776;&#223;</subfield>
<subfield code="2">gnd</subfield>
<subfield code="0">(DE-588)4666316-2</subfield>
</datafield>
<datafield tag="651" ind1=" " ind2="7">
<subfield code="a">Frankreich</subfield>
<subfield code="2">gnd</subfield>
<subfield code="0">(DE-588)4018145-5</subfield>
</datafield>
<datafield tag="651" ind1=" " ind2="7">
<subfield code="a">Gallien</subfield>
<subfield code="2">gnd</subfield>
<subfield code="0">(DE-588)4019150-3</subfield>
</datafield>
<datafield tag="651" ind1=" " ind2="7">
<subfield code="a">Narbonne</subfield>
<subfield code="z">Region</subfield>
<subfield code="2">gnd</subfield>
<subfield code="0">(DE-588)4495967-9</subfield>
</datafield>
<datafield tag="655" ind1=" " ind2="7">
<subfield code="a">History.</subfield>
<subfield code="2">fast</subfield>
<subfield code="0">(OCoLC)fst01411628</subfield>
</datafield>
<datafield tag="830" ind1=" " ind2="0">
<subfield code="a">Me&#769;moires (Ausonius (Institute)) ;</subfield>
<subfield code="v">46.</subfield>
</datafield>
<datafield tag="OWN" ind1=" " ind2=" ">
<subfield code="a">GENERAL</subfield>
</datafield>
<datafield tag="AVA" ind1=" " ind2=" ">
<subfield code="a">NYU50</subfield>
<subfield code="b">NISAW</subfield>
<subfield code="c">Large Collection</subfield>
<subfield code="d">NK4654 .C36 2017</subfield>
<subfield code="e">unavailable</subfield>
<subfield code="t">Unavailable</subfield>
<subfield code="f">1</subfield>
<subfield code="g">1</subfield>
<subfield code="h">N</subfield>
<subfield code="i">0</subfield>
<subfield code="j">LARGE</subfield>
<subfield code="k">0</subfield>
</datafield>
</record>