<record xmlns="http://www.loc.gov/MARC21/slim" xmlns:xsi="http://www.w3.org/2001/XMLSchema-instance" xsi:schemaLocation="http://www.loc.gov/MARC21/slim http://www.loc.gov/standards/marcxml/schema/MARC21slim.xsd">
<leader>00000cam a2200577 i 4500</leader>
<controlfield tag="FMT">BK</controlfield>
<controlfield tag="LDR">00000cam a2200577 i 4500</controlfield>
<controlfield tag="001">006256295</controlfield>
<controlfield tag="003">OCoLC</controlfield>
<controlfield tag="005">20180730155122.0</controlfield>
<controlfield tag="008">180730s2018    it a     abc  000 0 ita d</controlfield>
<datafield tag="010" ind1=" " ind2=" ">
<subfield code="a">2017483483</subfield>
</datafield>
<datafield tag="020" ind1=" " ind2=" ">
<subfield code="a">9788862748179</subfield>
</datafield>
<datafield tag="020" ind1=" " ind2=" ">
<subfield code="a">8862748175</subfield>
</datafield>
<datafield tag="035" ind1=" " ind2=" ">
<subfield code="a">(OCoLC)1030345538</subfield>
</datafield>
<datafield tag="040" ind1=" " ind2=" ">
<subfield code="a">ItFiC</subfield>
<subfield code="b">eng</subfield>
<subfield code="e">rda</subfield>
<subfield code="c">DLC</subfield>
<subfield code="d">OCLCO</subfield>
<subfield code="d">OCLCF</subfield>
<subfield code="d">OCLCA</subfield>
<subfield code="d">ZYU</subfield>
</datafield>
<datafield tag="041" ind1="0" ind2=" ">
<subfield code="a">ita</subfield>
<subfield code="a">eng</subfield>
<subfield code="b">eng</subfield>
</datafield>
<datafield tag="042" ind1=" " ind2=" ">
<subfield code="a">lccopycat</subfield>
</datafield>
<datafield tag="043" ind1=" " ind2=" ">
<subfield code="a">a-tk---</subfield>
</datafield>
<datafield tag="050" ind1="0" ind2="0">
<subfield code="a">NK5975.67.T82</subfield>
<subfield code="b">N576 2018</subfield>
</datafield>
<datafield tag="082" ind1="1" ind2="4">
<subfield code="a">736</subfield>
<subfield code="2">14</subfield>
</datafield>
<datafield tag="100" ind1="1" ind2=" ">
<subfield code="a">Manassero, Niccol&#242;,</subfield>
<subfield code="e">author.</subfield>
</datafield>
<datafield tag="245" ind1="1" ind2="2">
<subfield code="a">A banchetto con gli eroi :</subfield>
<subfield code="b">la mobilia in avorio della Casa Quadrata a Nisa Partica /</subfield>
<subfield code="c">Niccol&#242; Manassero ; con contributi di Giorgio Affanni e Carlo Lippolis.</subfield>
</datafield>
<datafield tag="264" ind1=" " ind2="1">
<subfield code="a">Alessandria :</subfield>
<subfield code="b">Edizioni dell'Orso,</subfield>
<subfield code="c">[2018]</subfield>
</datafield>
<datafield tag="300" ind1=" " ind2=" ">
<subfield code="a">211</subfield>
<subfield code="b">illustrations ;</subfield>
<subfield code="c">25 cm.</subfield>
</datafield>
<datafield tag="336" ind1=" " ind2=" ">
<subfield code="a">text</subfield>
<subfield code="b">txt</subfield>
<subfield code="2">rdacontent</subfield>
</datafield>
<datafield tag="337" ind1=" " ind2=" ">
<subfield code="a">unmediated</subfield>
<subfield code="b">n</subfield>
<subfield code="2">rdamedia</subfield>
</datafield>
<datafield tag="338" ind1=" " ind2=" ">
<subfield code="a">volume</subfield>
<subfield code="b">nc</subfield>
<subfield code="2">rdacarrier</subfield>
</datafield>
<datafield tag="490" ind1="1" ind2=" ">
<subfield code="a">"Mn&#232;me" ;</subfield>
<subfield code="v">10</subfield>
</datafield>
<datafield tag="546" ind1=" " ind2=" ">
<subfield code="a">Text in Italian; preface also in English and summaries in English.</subfield>
</datafield>
<datafield tag="504" ind1=" " ind2=" ">
<subfield code="a">Includes bibliographical references (pages 191-211).</subfield>
</datafield>
<datafield tag="505" ind1="0" ind2="0">
<subfield code="t">La scoperta di Nisa Partica e la Casa Quadrata di Nisa Vecchia /</subfield>
<subfield code="r">Carlo Lippolis --</subfield>
<subfield code="t">Catalogo dei pezzi di mobilia /</subfield>
<subfield code="r">Niccol&#242; Manassero, Giorgio Affanni --</subfield>
<subfield code="t">Studio paleotecnologico della mobilia eburnea nisena /</subfield>
<subfield code="r">Giorgio Affanni --</subfield>
<subfield code="t">Tipologia della mobilia : discussione e confronti /</subfield>
<subfield code="r">Niccol&#242; Manassero --</subfield>
<subfield code="t">Gli avori di Nisa : riflessioni finali sul corpus e sulla Casa Quadrata /</subfield>
<subfield code="r">Niccol&#242; Manassero.</subfield>
</datafield>
<datafield tag="650" ind1=" " ind2="0">
<subfield code="a">Ivories</subfield>
<subfield code="z">Turkmenistan</subfield>
<subfield code="z">Nisa (Extinct city)</subfield>
</datafield>
<datafield tag="650" ind1=" " ind2="0">
<subfield code="a">Furniture, Ancient</subfield>
<subfield code="z">Turkmenistan</subfield>
<subfield code="z">Nisa (Extinct city)</subfield>
</datafield>
<datafield tag="651" ind1=" " ind2="0">
<subfield code="a">Nisa (Extinct city)</subfield>
</datafield>
<datafield tag="651" ind1=" " ind2="0">
<subfield code="a">Turkmenistan</subfield>
<subfield code="x">Antiquities.</subfield>
</datafield>
<datafield tag="650" ind1=" " ind2="0">
<subfield code="a">Excavations (Archaeology)</subfield>
<subfield code="z">Turkmenistan.</subfield>
</datafield>
<datafield tag="651" ind1=" " ind2="7">
<subfield code="a">Nisa(ia)/Parthaunisa/Mithradatkert/Shahr-ram-Peroz.</subfield>
<subfield code="2">pleiades</subfield>
<subfield code="0">https://pleiades.stoa.org/places/952093</subfield>
</datafield>
<datafield tag="650" ind1=" " ind2="7">
<subfield code="a">Antiquities.</subfield>
<subfield code="2">fast</subfield>
<subfield code="0">(OCoLC)fst00810745</subfield>
</datafield>
<datafield tag="650" ind1=" " ind2="7">
<subfield code="a">Excavations (Archaeology)</subfield>
<subfield code="2">fast</subfield>
<subfield code="0">(OCoLC)fst00917564</subfield>
</datafield>
<datafield tag="650" ind1=" " ind2="7">
<subfield code="a">Furniture, Ancient.</subfield>
<subfield code="2">fast</subfield>
<subfield code="0">(OCoLC)fst00936594</subfield>
</datafield>
<datafield tag="650" ind1=" " ind2="7">
<subfield code="a">Ivories.</subfield>
<subfield code="2">fast</subfield>
<subfield code="0">(OCoLC)fst00980860</subfield>
</datafield>
<datafield tag="651" ind1=" " ind2="7">
<subfield code="a">Turkmenistan.</subfield>
<subfield code="2">fast</subfield>
<subfield code="0">(OCoLC)fst01260658</subfield>
</datafield>
<datafield tag="651" ind1=" " ind2="7">
<subfield code="a">Turkmenistan</subfield>
<subfield code="z">Nisa (Extinct city)</subfield>
<subfield code="2">fast</subfield>
<subfield code="0">(OCoLC)fst01897149</subfield>
</datafield>
<datafield tag="700" ind1="1" ind2=" ">
<subfield code="a">Affanni, Giorgio,</subfield>
<subfield code="e">contributor.</subfield>
</datafield>
<datafield tag="700" ind1="1" ind2=" ">
<subfield code="a">Lippolis, Carlo,</subfield>
<subfield code="e">contributor.</subfield>
</datafield>
<datafield tag="700" ind1="1" ind2="2">
<subfield code="a">Manassero, Niccol&#242;.</subfield>
<subfield code="t">Essays.</subfield>
<subfield code="k">Selections.</subfield>
</datafield>
<datafield tag="710" ind1="2" ind2=" ">
<subfield code="a">Shelby White and Leon Levy Program for Archaeological Publications (Firm),</subfield>
<subfield code="e">sponsor.</subfield>
</datafield>
<datafield tag="740" ind1="0" ind2=" ">
<subfield code="a">White-Levy Program Collection.</subfield>
<subfield code="5">NyNyUAW</subfield>
</datafield>
<datafield tag="740" ind1="0" ind2=" ">
<subfield code="a">WLP Collection.</subfield>
<subfield code="5">NyNyUAW</subfield>
</datafield>
<datafield tag="830" ind1=" " ind2="0">
<subfield code="a">Mn&#232;me (Alessandria, Italy) ;</subfield>
<subfield code="v">10.</subfield>
</datafield>
<datafield tag="856" ind1="4" ind2="1">
<subfield code="3">Table of contents only</subfield>
<subfield code="u">http://catdir.loc.gov/catdir/toc/casalini16/4315317.pdf</subfield>
</datafield>
<datafield tag="994" ind1=" " ind2=" ">
<subfield code="a">Z0</subfield>
<subfield code="b">ZYU</subfield>
</datafield>
<datafield tag="OWN" ind1=" " ind2=" ">
<subfield code="a">GENERAL</subfield>
</datafield>
<datafield tag="AVA" ind1=" " ind2=" ">
<subfield code="a">NYU50</subfield>
<subfield code="b">NISAW</subfield>
<subfield code="c">Small Collection</subfield>
<subfield code="d">NK5975.67.T82 N576 2018 Non-circulating</subfield>
<subfield code="e">available</subfield>
<subfield code="t">Available</subfield>
<subfield code="f">1</subfield>
<subfield code="g">0</subfield>
<subfield code="h">N</subfield>
<subfield code="i">0</subfield>
<subfield code="j">SMALL</subfield>
<subfield code="k">0</subfield>
</datafield>
</record>