<record xmlns="http://www.loc.gov/MARC21/slim" xmlns:xsi="http://www.w3.org/2001/XMLSchema-instance" xsi:schemaLocation="http://www.loc.gov/MARC21/slim http://www.loc.gov/standards/marcxml/schema/MARC21slim.xsd">
<leader>00000cam a22002771  4500</leader>
<controlfield tag="FMT">BK</controlfield>
<controlfield tag="LDR">00000cam a22002771  4500</controlfield>
<controlfield tag="001">002030243</controlfield>
<controlfield tag="003">NNU</controlfield>
<controlfield tag="005">20180709143815.0</controlfield>
<controlfield tag="008">920728s1970    fr a          000 0 fre</controlfield>
<datafield tag="010" ind1=" " ind2=" ">
<subfield code="a">76538739</subfield>
</datafield>
<datafield tag="035" ind1="9" ind2=" ">
<subfield code="a">NYUb10981956</subfield>
</datafield>
<datafield tag="035" ind1=" " ind2=" ">
<subfield code="a">(CaOTULAS)189509177</subfield>
</datafield>
<datafield tag="035" ind1=" " ind2=" ">
<subfield code="a">(CStRLIN)NYUG85-G248105</subfield>
</datafield>
<datafield tag="035" ind1=" " ind2=" ">
<subfield code="a">GLIS009819563</subfield>
</datafield>
<datafield tag="040" ind1=" " ind2=" ">
<subfield code="c">CarP</subfield>
<subfield code="d">NNU</subfield>
</datafield>
<datafield tag="043" ind1=" " ind2=" ">
<subfield code="a">e-rm---</subfield>
</datafield>
<datafield tag="050" ind1="0" ind2=" ">
<subfield code="a">NK6469.A1</subfield>
<subfield code="b">P3</subfield>
</datafield>
<datafield tag="079" ind1=" " ind2=" ">
<subfield code="a">(OCoLC)311326</subfield>
</datafield>
<datafield tag="110" ind1="2" ind2=" ">
<subfield code="a">Mus&#233;e du Petit Palais (Paris, France)</subfield>
</datafield>
<datafield tag="245" ind1="1" ind2="0">
<subfield code="a">Tr&#233;sors de l'art ancien en Roumanie.</subfield>
</datafield>
<datafield tag="260" ind1=" " ind2=" ">
<subfield code="a">Paris :</subfield>
<subfield code="b">Petit palais,</subfield>
<subfield code="c">1970.</subfield>
</datafield>
<datafield tag="300" ind1=" " ind2=" ">
<subfield code="a">1 v. (unpaged) :</subfield>
<subfield code="b">ill. (some col.) ;</subfield>
<subfield code="c">24 cm.</subfield>
</datafield>
<datafield tag="500" ind1=" " ind2=" ">
<subfield code="a">ISAW copy is from the library of Nina Garso&#239;an.</subfield>
<subfield code="5">NyNyUAW</subfield>
</datafield>
<datafield tag="650" ind1=" " ind2="0">
<subfield code="a">Art metal-work, Ancient</subfield>
<subfield code="z">Romania</subfield>
<subfield code="v">Exhibitions.</subfield>
</datafield>
<datafield tag="650" ind1=" " ind2="0">
<subfield code="a">Art metal-work, Medieval</subfield>
<subfield code="z">Romania</subfield>
<subfield code="v">Exhibitions.</subfield>
</datafield>
<datafield tag="650" ind1=" " ind2="0">
<subfield code="a">Art metal-work</subfield>
<subfield code="z">Romania.</subfield>
</datafield>
<datafield tag="651" ind1=" " ind2="0">
<subfield code="a">Romania</subfield>
<subfield code="x">Antiquities</subfield>
<subfield code="v">Exhibitions.</subfield>
</datafield>
<datafield tag="700" ind1="1" ind2=" ">
<subfield code="a">Garso&#239;an, Nina G.,</subfield>
<subfield code="d">1923-</subfield>
<subfield code="e">former owner.</subfield>
<subfield code="5">NyNyUAW</subfield>
</datafield>
<datafield tag="740" ind1="0" ind2=" ">
<subfield code="a">Garso&#239;an Collection.</subfield>
<subfield code="5">NyNyUAW</subfield>
</datafield>
<datafield tag="OWN" ind1=" " ind2=" ">
<subfield code="a">GENERAL</subfield>
</datafield>
<datafield tag="950" ind1=" " ind2=" ">
<subfield code="l">IFAM</subfield>
<subfield code="a">N7222</subfield>
<subfield code="b">.P16</subfield>
</datafield>
<datafield tag="955" ind1=" " ind2=" ">
<subfield code="l">IFAM</subfield>
<subfield code="c">1</subfield>
</datafield>
<datafield tag="AVA" ind1=" " ind2=" ">
<subfield code="a">NYU50</subfield>
<subfield code="b">NIFA</subfield>
<subfield code="c">Main Collection</subfield>
<subfield code="d">N7222 .P16 Non-circulating</subfield>
<subfield code="e">unavailable</subfield>
<subfield code="t">Unavailable</subfield>
<subfield code="f">1</subfield>
<subfield code="g">1</subfield>
<subfield code="h">N</subfield>
<subfield code="i">0</subfield>
<subfield code="j">MAIN</subfield>
<subfield code="k">0</subfield>
</datafield>
<datafield tag="AVA" ind1=" " ind2=" ">
<subfield code="a">NYU50</subfield>
<subfield code="b">NISAW</subfield>
<subfield code="c">Small Collection</subfield>
<subfield code="d">NK6469.A1 P3 1970 Non-circulating</subfield>
<subfield code="e">available</subfield>
<subfield code="t">Available</subfield>
<subfield code="f">1</subfield>
<subfield code="g">0</subfield>
<subfield code="h">N</subfield>
<subfield code="i">0</subfield>
<subfield code="j">SMALL</subfield>
<subfield code="k">0</subfield>
</datafield>
</record>