<record xmlns="http://www.loc.gov/MARC21/slim" xmlns:xsi="http://www.w3.org/2001/XMLSchema-instance" xsi:schemaLocation="http://www.loc.gov/MARC21/slim http://www.loc.gov/standards/marcxml/schema/MARC21slim.xsd">
<leader>00000cam a22      a 4500</leader>
<controlfield tag="FMT">BK</controlfield>
<controlfield tag="LDR">00000cam a22      a 4500</controlfield>
<controlfield tag="001">006256271</controlfield>
<controlfield tag="005">20180730140235.0</controlfield>
<controlfield tag="008">180730s1991    is ab    b    100 0 eng d</controlfield>
<datafield tag="010" ind1=" " ind2=" ">
<subfield code="a">   95236937</subfield>
</datafield>
<datafield tag="020" ind1=" " ind2=" ">
<subfield code="a">9652781517</subfield>
</datafield>
<datafield tag="020" ind1=" " ind2=" ">
<subfield code="a">9789652781512</subfield>
</datafield>
<datafield tag="035" ind1=" " ind2=" ">
<subfield code="a">(OCoLC)24825567</subfield>
<subfield code="z">(OCoLC)1008332992</subfield>
</datafield>
<datafield tag="040" ind1=" " ind2=" ">
<subfield code="a">NN</subfield>
<subfield code="b">eng</subfield>
<subfield code="c">DLC</subfield>
<subfield code="d">NYP</subfield>
<subfield code="d">NLGGC</subfield>
<subfield code="d">BTCTA</subfield>
<subfield code="d">OCLCF</subfield>
<subfield code="d">OCLCQ</subfield>
<subfield code="d">OCLCO</subfield>
<subfield code="d">OCL</subfield>
<subfield code="d">OCLCQ</subfield>
<subfield code="d">CNUTO</subfield>
<subfield code="d">AVA</subfield>
<subfield code="d">OCLCA</subfield>
<subfield code="d">ZYU</subfield>
</datafield>
<datafield tag="042" ind1=" " ind2=" ">
<subfield code="a">lccopycat</subfield>
</datafield>
<datafield tag="043" ind1=" " ind2=" ">
<subfield code="a">a------</subfield>
<subfield code="a">ff-----</subfield>
</datafield>
<datafield tag="050" ind1="0" ind2="0">
<subfield code="a">NK7308.9</subfield>
<subfield code="b">.J49 1991</subfield>
</datafield>
<datafield tag="055" ind1=" " ind2="4">
<subfield code="a">NK7108.9 J48 1991</subfield>
</datafield>
<datafield tag="060" ind1=" " ind2="4">
<subfield code="a">000110001</subfield>
</datafield>
<datafield tag="082" ind1="0" ind2="0">
<subfield code="a">739.27/0917/671</subfield>
<subfield code="2">21</subfield>
</datafield>
<datafield tag="084" ind1=" " ind2=" ">
<subfield code="a">21.91</subfield>
<subfield code="2">bcl</subfield>
</datafield>
<datafield tag="245" ind1="0" ind2="0">
<subfield code="a">Jewellery and goldsmithing in the Islamic world :</subfield>
<subfield code="b">international symposium, the Israel Museum, Jerusalem, 1987 /</subfield>
<subfield code="c">edited by Na&#699;ama Brosh ; editorial board, Myriam Ayalon-Rosen [and others].</subfield>
</datafield>
<datafield tag="260" ind1=" " ind2=" ">
<subfield code="a">Jerusalem :</subfield>
<subfield code="b">The Museum,</subfield>
<subfield code="c">&#169;1991.</subfield>
</datafield>
<datafield tag="300" ind1=" " ind2=" ">
<subfield code="a">160</subfield>
<subfield code="b">illustrations, map ;</subfield>
<subfield code="c">30 cm.</subfield>
</datafield>
<datafield tag="336" ind1=" " ind2=" ">
<subfield code="a">text</subfield>
<subfield code="b">txt</subfield>
<subfield code="2">rdacontent</subfield>
</datafield>
<datafield tag="337" ind1=" " ind2=" ">
<subfield code="a">unmediated</subfield>
<subfield code="b">n</subfield>
<subfield code="2">rdamedia</subfield>
</datafield>
<datafield tag="338" ind1=" " ind2=" ">
<subfield code="a">volume</subfield>
<subfield code="b">nc</subfield>
<subfield code="2">rdacarrier</subfield>
</datafield>
<datafield tag="490" ind1="1" ind2=" ">
<subfield code="a">Catalogue / the Israel Museum, Jerusalem ;</subfield>
<subfield code="v">no. 320</subfield>
</datafield>
<datafield tag="504" ind1=" " ind2=" ">
<subfield code="a">Includes bibliographical references.</subfield>
</datafield>
<datafield tag="500" ind1=" " ind2=" ">
<subfield code="a">ISAW copy is from the library of Lawrence E. Stager.</subfield>
<subfield code="5">NyNyUAW</subfield>
</datafield>
<datafield tag="650" ind1=" " ind2="0">
<subfield code="a">Islamic jewelry</subfield>
<subfield code="v">Congresses.</subfield>
</datafield>
<datafield tag="650" ind1=" " ind2="0">
<subfield code="a">Goldwork</subfield>
<subfield code="z">Islamic countries</subfield>
<subfield code="v">Congresses.</subfield>
</datafield>
<datafield tag="650" ind1=" " ind2="7">
<subfield code="a">Goldwork.</subfield>
<subfield code="2">fast</subfield>
<subfield code="0">(OCoLC)fst00944612</subfield>
</datafield>
<datafield tag="650" ind1=" " ind2="7">
<subfield code="a">Islamic jewelry.</subfield>
<subfield code="2">fast</subfield>
<subfield code="0">(OCoLC)fst01730339</subfield>
</datafield>
<datafield tag="651" ind1=" " ind2="7">
<subfield code="a">Islamic countries.</subfield>
<subfield code="2">fast</subfield>
<subfield code="0">(OCoLC)fst01244130</subfield>
</datafield>
<datafield tag="655" ind1=" " ind2="7">
<subfield code="a">Conference papers and proceedings.</subfield>
<subfield code="2">fast</subfield>
<subfield code="0">(OCoLC)fst01423772</subfield>
</datafield>
<datafield tag="655" ind1=" " ind2="4">
<subfield code="a">Exhibition catalogues.</subfield>
</datafield>
<datafield tag="700" ind1="1" ind2=" ">
<subfield code="a">Brosh, Na'ama.</subfield>
</datafield>
<datafield tag="700" ind1="1" ind2=" ">
<subfield code="a">Stager, Lawrence E.,</subfield>
<subfield code="e">former owner.</subfield>
<subfield code="5">NyNyUAW</subfield>
</datafield>
<datafield tag="710" ind1="2" ind2=" ">
<subfield code="a">Muze&#700;on Yi&#347;ra&#700;el (Jerusalem)</subfield>
</datafield>
<datafield tag="740" ind1="0" ind2=" ">
<subfield code="a">Stager Collection.</subfield>
<subfield code="5">NyNyUAW</subfield>
</datafield>
<datafield tag="830" ind1=" " ind2="0">
<subfield code="a">&#7730;a&#7789;alog (Muze&#700;on Yi&#347;ra&#700;el (Jerusalem)) ;</subfield>
<subfield code="v">mis. 320.</subfield>
</datafield>
<datafield tag="OWN" ind1=" " ind2=" ">
<subfield code="a">GENERAL</subfield>
</datafield>
<datafield tag="AVA" ind1=" " ind2=" ">
<subfield code="a">NYU50</subfield>
<subfield code="b">NISAW</subfield>
<subfield code="c">Large Collection</subfield>
<subfield code="d">NK7308.9 .J49 1991 Non-circulating</subfield>
<subfield code="e">unavailable</subfield>
<subfield code="t">Unavailable</subfield>
<subfield code="f">1</subfield>
<subfield code="g">1</subfield>
<subfield code="h">N</subfield>
<subfield code="i">0</subfield>
<subfield code="j">LARGE</subfield>
<subfield code="k">0</subfield>
</datafield>
</record>