<record xmlns="http://www.loc.gov/MARC21/slim" xmlns:xsi="http://www.w3.org/2001/XMLSchema-instance" xsi:schemaLocation="http://www.loc.gov/MARC21/slim http://www.loc.gov/standards/marcxml/schema/MARC21slim.xsd">
<leader>00000cam a2200445Ii 4500</leader>
<controlfield tag="FMT">BK</controlfield>
<controlfield tag="LDR">00000cam a2200445Ii 4500</controlfield>
<controlfield tag="001">006249768</controlfield>
<controlfield tag="003">OCoLC</controlfield>
<controlfield tag="005">20180720143612.0</controlfield>
<controlfield tag="008">160930s2016    fr abe   b    100 0 eng d</controlfield>
<datafield tag="020" ind1=" " ind2=" ">
<subfield code="a">9782355180590</subfield>
<subfield code="q">(pbk.)</subfield>
</datafield>
<datafield tag="020" ind1=" " ind2=" ">
<subfield code="a">2355180598</subfield>
<subfield code="q">(pbk.)</subfield>
</datafield>
<datafield tag="035" ind1=" " ind2=" ">
<subfield code="a">(OCoLC)959661199</subfield>
</datafield>
<datafield tag="040" ind1=" " ind2=" ">
<subfield code="a">AUXAM</subfield>
<subfield code="b">eng</subfield>
<subfield code="e">rda</subfield>
<subfield code="c">AUXAM</subfield>
<subfield code="d">ERASP</subfield>
<subfield code="d">CSL</subfield>
<subfield code="d">OCLCF</subfield>
<subfield code="d">MUU</subfield>
<subfield code="d">UEJ</subfield>
<subfield code="d">ZYU</subfield>
</datafield>
<datafield tag="041" ind1="0" ind2=" ">
<subfield code="a">eng</subfield>
<subfield code="a">ger</subfield>
<subfield code="a">ita</subfield>
<subfield code="a">fre</subfield>
<subfield code="b">eng</subfield>
<subfield code="b">fre</subfield>
</datafield>
<datafield tag="050" ind1=" " ind2="4">
<subfield code="a">NK7907</subfield>
<subfield code="b">.C64 2011</subfield>
</datafield>
<datafield tag="050" ind1=" " ind2="4">
<subfield code="a">DF</subfield>
</datafield>
<datafield tag="082" ind1="0" ind2="4">
<subfield code="a">938\</subfield>
</datafield>
<datafield tag="111" ind1="2" ind2=" ">
<subfield code="a">Colloque international sur les bronzes antiques</subfield>
<subfield code="n">(17th :</subfield>
<subfield code="d">2011 :</subfield>
<subfield code="c">Izmir, Turkey)</subfield>
</datafield>
<datafield tag="245" ind1="1" ind2="0">
<subfield code="a">Proceedings of the XVIIth International Congress on Ancient Bronzes, Izmir /</subfield>
<subfield code="c">Alessandra Giumlia-Mair and Carol C. Mattusch.</subfield>
</datafield>
<datafield tag="264" ind1=" " ind2="1">
<subfield code="a">Autun, France :</subfield>
<subfield code="b">Editions Mergoil,</subfield>
<subfield code="c">2016.</subfield>
</datafield>
<datafield tag="300" ind1=" " ind2=" ">
<subfield code="a">307 pages :</subfield>
<subfield code="b">illustrations (some color), map, plans ;</subfield>
<subfield code="c">30 cm.</subfield>
</datafield>
<datafield tag="336" ind1=" " ind2=" ">
<subfield code="a">text</subfield>
<subfield code="b">txt</subfield>
<subfield code="2">rdacontent</subfield>
</datafield>
<datafield tag="337" ind1=" " ind2=" ">
<subfield code="a">unmediated</subfield>
<subfield code="b">n</subfield>
<subfield code="2">rdamedia</subfield>
</datafield>
<datafield tag="338" ind1=" " ind2=" ">
<subfield code="a">volume</subfield>
<subfield code="b">nc</subfield>
<subfield code="2">rdacarrier</subfield>
</datafield>
<datafield tag="490" ind1="1" ind2=" ">
<subfield code="a">Mongraphies instrumentum ;</subfield>
<subfield code="v">52</subfield>
</datafield>
<datafield tag="504" ind1=" " ind2=" ">
<subfield code="a">Includes bibliographical references.</subfield>
</datafield>
<datafield tag="546" ind1=" " ind2=" ">
<subfield code="a">Articles in English, German, Italian and French, with abstracts in English and French.</subfield>
</datafield>
<datafield tag="505" ind1="0" ind2="0">
<subfield code="t">Preface --</subfield>
<subfield code="t">Vessels, vessel attachments, and lamps.</subfield>
<subfield code="r">Omid Oudbashi, Ata Hasanpour, Mehrdad Malekzadeh.</subfield>
<subfield code="t">The Luristan bronzes in Sangtarashan: bronze technology in western Iran in the First Millennium BC --</subfield>
<subfield code="r">H&#233;l&#232;ne Aurigny.</subfield>
<subfield code="t">Anatolian bronzes from Delphi in the Archaic Period --</subfield>
<subfield code="r">Klara De Decker and Ekkehard Diemann.</subfield>
<subfield code="t">Reconstruction of the fabrication of the "Rhodian" oinochoai --</subfield>
<subfield code="r">Chiara Tarditi.</subfield>
<subfield code="t">Athenian Archaic bronze vessel production : new evidence from old excavations --</subfield>
<subfield code="r">Norbert Franken.</subfield>
<subfield code="t">Drei archaische Gef&#228;&#223;attaschen aus Didyma --</subfield>
<subfield code="r">Nadezda Gulyaeva.</subfield>
<subfield code="t">Bronze lamps of Ionian type in the Hermitage Museum --</subfield>
<subfield code="r">Mikhail Treister and Leonid Yablonsky.</subfield>
<subfield code="t">Bronze lamp in form of reclining zebu bull from Filippovka --</subfield>
<subfield code="r">Valeria Meirano.</subfield>
<subfield code="t">Bronze phialai mesomphaloi in context : some recent and revisited case studies --</subfield>
<subfield code="r">Beryl Barr-Sharrar.</subfield>
<subfield code="t">Approaches to the study of Hellenistic metalwork : a preliminary introduction --</subfield>
<subfield code="t">Adornments, harness, furniture, military and naval effects.</subfield>
<subfield code="r">Despina Ignatiadou.</subfield>
<subfield code="t">The Aenea mirror : a re-examination --</subfield>
<subfield code="r">Jeffrey P. Maish, Marc Walton, David Saunders, and Nino Kalandadze.</subfield>
<subfield code="t">Technical study of the bronze kline legs from Vani --</subfield>
<subfield code="r">Niccol&#242; Mugnai, Leonardo Bigi, Matteo Perotti.</subfield>
<subfield code="t">Copper alloy items from the Roman military site of Thamusida (Sidi Ali ben Ahmed, Morocco) --</subfield>
<subfield code="r">Patrizia Framarin.</subfield>
<subfield code="t">Objects of enameled bronze with millefiori glass insertion from Augusta Praetoria Salassorum (Aosta, Italy) --</subfield>
<subfield code="r">Yorgos Brokalakis.</subfield>
<subfield code="t">The use of bronze on Roman ships and the shipwreck of Agia Galini --</subfield>
<subfield code="t">Statuettes and other images.</subfield>
<subfield code="r">Heather F. Sharpe.</subfield>
<subfield code="t">Observations on the casting, mounting and display of Archaic Greek bronze statuettes --</subfield>
<subfield code="r">Fede Berti and Angelalea Malgieri.</subfield>
<subfield code="t">Bronzi da Iasos : ritrovamenti e testimonianze di et&#224; Imperiale --</subfield>
<subfield code="r">David Bartus.</subfield>
<subfield code="t">Two Roman bronze heads with cirrus from Brigetio --</subfield>
<subfield code="r">Marina Castoldi.</subfield>
</datafield>
<datafield tag="505" ind1="8" ind2="0">
<subfield code="t">Bronze trees --</subfield>
<subfield code="r">Se&#225;n Hemingway.</subfield>
<subfield code="t">An early imperial bronze sphinx support in the Metropolitan Museum of Art, New York --</subfield>
<subfield code="r">Margherita Bolla.</subfield>
<subfield code="t">Eastern bronzes in Northern Italy --</subfield>
<subfield code="r">Exhlale Dobruna-Salihu.</subfield>
<subfield code="t">Roman small bronze sculpture in the central part of Dardania (Kosovo) --</subfield>
<subfield code="r">Zeina Fani.</subfield>
<subfield code="t">Les Bronzes de Rimat --</subfield>
<subfield code="t">Large-scale statuary.</subfield>
<subfield code="r">John Pollini.</subfield>
<subfield code="t">The God from Cape Artemision: Zeus or Poseidon? An old question, a New Approach --</subfield>
<subfield code="r">Gerhard Zimmer.</subfield>
<subfield code="t">Searching for the Goddess --</subfield>
<subfield code="r">Olga Palagia.</subfield>
<subfield code="t">Towards a publication of the Piraeus bronzes: the Apollo --</subfield>
<subfield code="r">Fulvia Lo Schiavo, Mario Cygielman, Marcello Miccio, Paolo Pecchioli, and Alessandra Giumlia-Mair.</subfield>
<subfield code="t">The restoration of the Minerva of Arezzo --</subfield>
<subfield code="r">Alessandra Giumlia-Mair and Sergio Meriani.</subfield>
<subfield code="t">A Roman bronze portrait: composition and technology in the 1st century A.D. --</subfield>
<subfield code="r">Carol C. Mattusch.</subfield>
<subfield code="t">Why bronze? The tastes and attitudes of Roman collectors --</subfield>
<subfield code="r">Maximilian Lubos.</subfield>
<subfield code="t">Boubon bronzes - new perspectives</subfield>
<subfield code="t">Abstracts/r&#233;sum&#233;s.</subfield>
</datafield>
<datafield tag="650" ind1=" " ind2="0">
<subfield code="a">Bronzes, Ancient</subfield>
<subfield code="v">Congresses.</subfield>
</datafield>
<datafield tag="651" ind1=" " ind2="0">
<subfield code="a">Mediterranean Region</subfield>
<subfield code="x">Antiquities</subfield>
<subfield code="v">Congresses.</subfield>
</datafield>
<datafield tag="650" ind1=" " ind2="7">
<subfield code="a">Bronzes, Ancient.</subfield>
<subfield code="2">fast</subfield>
<subfield code="0">(OCoLC)fst00839554</subfield>
</datafield>
<datafield tag="655" ind1=" " ind2="7">
<subfield code="a">Conference papers and proceedings.</subfield>
<subfield code="2">fast</subfield>
<subfield code="0">(OCoLC)fst01423772</subfield>
</datafield>
<datafield tag="700" ind1="1" ind2=" ">
<subfield code="a">Giumlia-Mair, Alessandra R.,</subfield>
<subfield code="e">editor.</subfield>
</datafield>
<datafield tag="700" ind1="1" ind2=" ">
<subfield code="a">Mattusch, Carol C.,</subfield>
<subfield code="e">editor.</subfield>
</datafield>
<datafield tag="830" ind1=" " ind2="0">
<subfield code="a">Monographies instrumentum ;</subfield>
<subfield code="v">52.</subfield>
</datafield>
<datafield tag="OWN" ind1=" " ind2=" ">
<subfield code="a">GENERAL</subfield>
</datafield>
<datafield tag="AVA" ind1=" " ind2=" ">
<subfield code="a">NYU50</subfield>
<subfield code="b">NISAW</subfield>
<subfield code="c">Large Collection</subfield>
<subfield code="d">NK7907 .C64 2011</subfield>
<subfield code="e">unavailable</subfield>
<subfield code="t">Unavailable</subfield>
<subfield code="f">1</subfield>
<subfield code="g">1</subfield>
<subfield code="h">N</subfield>
<subfield code="i">0</subfield>
<subfield code="j">LARGE</subfield>
<subfield code="k">0</subfield>
</datafield>
</record>