<record xmlns="http://www.loc.gov/MARC21/slim" xmlns:xsi="http://www.w3.org/2001/XMLSchema-instance" xsi:schemaLocation="http://www.loc.gov/MARC21/slim http://www.loc.gov/standards/marcxml/schema/MARC21slim.xsd">
<leader>00000cam a2200421Ii 4500</leader>
<controlfield tag="FMT">BK</controlfield>
<controlfield tag="LDR">00000cam a2200421Ii 4500</controlfield>
<controlfield tag="001">006249862</controlfield>
<controlfield tag="003">OCoLC</controlfield>
<controlfield tag="005">20180720143901.0</controlfield>
<controlfield tag="008">180508s2018    fr abe   bc   000 0 fre d</controlfield>
<datafield tag="020" ind1=" " ind2=" ">
<subfield code="a">9782355180774</subfield>
<subfield code="q">(paperback)</subfield>
</datafield>
<datafield tag="020" ind1=" " ind2=" ">
<subfield code="a">2355180776</subfield>
<subfield code="q">(paperback)</subfield>
</datafield>
<datafield tag="035" ind1=" " ind2=" ">
<subfield code="a">(OCoLC)1034858885</subfield>
</datafield>
<datafield tag="040" ind1=" " ind2=" ">
<subfield code="a">VU@</subfield>
<subfield code="b">eng</subfield>
<subfield code="e">rda</subfield>
<subfield code="c">VU@</subfield>
<subfield code="d">AUXAM</subfield>
<subfield code="d">VU@</subfield>
<subfield code="d">ZYU</subfield>
</datafield>
<datafield tag="041" ind1="0" ind2=" ">
<subfield code="a">fre</subfield>
<subfield code="b">eng</subfield>
<subfield code="b">ger</subfield>
</datafield>
<datafield tag="050" ind1=" " ind2="4">
<subfield code="a">NK8459.T33</subfield>
<subfield code="b">S84 2018</subfield>
</datafield>
<datafield tag="082" ind1=" " ind2="4">
<subfield code="a">931</subfield>
</datafield>
<datafield tag="100" ind1="1" ind2=" ">
<subfield code="a">Sueur, Quentin,</subfield>
<subfield code="e">author.</subfield>
</datafield>
<datafield tag="245" ind1="1" ind2="3">
<subfield code="a">La vaisselle m&#233;tallique de Gaule septentrionale &#224; la veille de la conqu&#234;te :</subfield>
<subfield code="b">typologie, fonction et diffusion /</subfield>
<subfield code="c">Quentin Sueur.</subfield>
</datafield>
<datafield tag="264" ind1=" " ind2="1">
<subfield code="a">Dr&#233;mil-Lafage :</subfield>
<subfield code="b">Editions Mergoil,</subfield>
<subfield code="c">2018.</subfield>
</datafield>
<datafield tag="300" ind1=" " ind2=" ">
<subfield code="a">637 pages :</subfield>
<subfield code="b">illustrations (some color), maps, plans ;</subfield>
<subfield code="c">30 cm.</subfield>
</datafield>
<datafield tag="336" ind1=" " ind2=" ">
<subfield code="a">text</subfield>
<subfield code="b">txt</subfield>
<subfield code="2">rdacontent</subfield>
</datafield>
<datafield tag="336" ind1=" " ind2=" ">
<subfield code="a">still image</subfield>
<subfield code="b">sti</subfield>
<subfield code="2">rdacontent</subfield>
</datafield>
<datafield tag="337" ind1=" " ind2=" ">
<subfield code="a">unmediated</subfield>
<subfield code="b">n</subfield>
<subfield code="2">rdamedia</subfield>
</datafield>
<datafield tag="338" ind1=" " ind2=" ">
<subfield code="a">volume</subfield>
<subfield code="b">nc</subfield>
<subfield code="2">rdacarrier</subfield>
</datafield>
<datafield tag="490" ind1="1" ind2=" ">
<subfield code="a">Monographies instrumentum ;</subfield>
<subfield code="v">55</subfield>
</datafield>
<datafield tag="546" ind1=" " ind2=" ">
<subfield code="a">French with abstracts in English and German.</subfield>
</datafield>
<datafield tag="500" ind1=" " ind2=" ">
<subfield code="a">Originally presented as the author's thesis (doctoral)--Louis Lumi&#232;re University Lyon II and Eberhard Karls University, T&#252;bingen.</subfield>
</datafield>
<datafield tag="504" ind1=" " ind2=" ">
<subfield code="a">Includes bibliographical references.</subfield>
</datafield>
<datafield tag="650" ind1=" " ind2="0">
<subfield code="a">Metal tableware</subfield>
<subfield code="z">Gaul</subfield>
<subfield code="v">Catalogs.</subfield>
</datafield>
<datafield tag="650" ind1=" " ind2="0">
<subfield code="a">Table etiquette</subfield>
<subfield code="z">Gaul</subfield>
<subfield code="v">Catalogs.</subfield>
</datafield>
<datafield tag="650" ind1=" " ind2="0">
<subfield code="a">Excavations (Archaeology)</subfield>
<subfield code="z">Gaul</subfield>
<subfield code="v">Catalogs.</subfield>
</datafield>
<datafield tag="651" ind1=" " ind2="0">
<subfield code="a">Gaul</subfield>
<subfield code="x">Antiquities</subfield>
<subfield code="v">Catalogs.</subfield>
</datafield>
<datafield tag="650" ind1=" " ind2="0">
<subfield code="a">Iron age</subfield>
<subfield code="z">Gaul.</subfield>
</datafield>
<datafield tag="651" ind1=" " ind2="7">
<subfield code="a">Belgica (province)</subfield>
<subfield code="2">pleiades</subfield>
<subfield code="0">https://pleiades.stoa.org/places/981511</subfield>
</datafield>
<datafield tag="830" ind1=" " ind2="0">
<subfield code="a">Monographies instrumentum ;</subfield>
<subfield code="v">55.</subfield>
</datafield>
<datafield tag="OWN" ind1=" " ind2=" ">
<subfield code="a">GENERAL</subfield>
</datafield>
<datafield tag="AVA" ind1=" " ind2=" ">
<subfield code="a">NYU50</subfield>
<subfield code="b">NISAW</subfield>
<subfield code="c">Large Collection</subfield>
<subfield code="d">NK8459.T33 S84 2018</subfield>
<subfield code="e">unavailable</subfield>
<subfield code="t">Unavailable</subfield>
<subfield code="f">1</subfield>
<subfield code="g">1</subfield>
<subfield code="h">N</subfield>
<subfield code="i">0</subfield>
<subfield code="j">LARGE</subfield>
<subfield code="k">0</subfield>
</datafield>
</record>