<record xmlns="http://www.loc.gov/MARC21/slim" xmlns:xsi="http://www.w3.org/2001/XMLSchema-instance" xsi:schemaLocation="http://www.loc.gov/MARC21/slim http://www.loc.gov/standards/marcxml/schema/MARC21slim.xsd">
<leader>00000cam a22     I  4500</leader>
<controlfield tag="FMT">BK</controlfield>
<controlfield tag="LDR">00000cam a22     I  4500</controlfield>
<controlfield tag="001">006256293</controlfield>
<controlfield tag="005">20180730154723.0</controlfield>
<controlfield tag="008">180730s1952    fr af    b    001 0 fre</controlfield>
<datafield tag="010" ind1=" " ind2=" ">
<subfield code="a">   55036392</subfield>
</datafield>
<datafield tag="035" ind1=" " ind2=" ">
<subfield code="a">(OCoLC)5372634</subfield>
<subfield code="z">(OCoLC)36425821</subfield>
<subfield code="z">(OCoLC)61625481</subfield>
<subfield code="z">(OCoLC)874683807</subfield>
<subfield code="z">(OCoLC)945226758</subfield>
<subfield code="z">(OCoLC)1035348595</subfield>
</datafield>
<datafield tag="040" ind1=" " ind2=" ">
<subfield code="a">DLC</subfield>
<subfield code="b">eng</subfield>
<subfield code="c">BXM</subfield>
<subfield code="d">OCLCQ</subfield>
<subfield code="d">OCLCG</subfield>
<subfield code="d">STF</subfield>
<subfield code="d">UPM</subfield>
<subfield code="d">AVA</subfield>
<subfield code="d">OCLCA</subfield>
<subfield code="d">OCLCF</subfield>
<subfield code="d">OCLCQ</subfield>
<subfield code="d">OCLCO</subfield>
<subfield code="d">OCLCA</subfield>
<subfield code="d">NNU</subfield>
</datafield>
<datafield tag="043" ind1=" " ind2=" ">
<subfield code="a">mm-----</subfield>
</datafield>
<datafield tag="050" ind1=" " ind2="4">
<subfield code="a">CD5381</subfield>
<subfield code="b">.L29 1952</subfield>
</datafield>
<datafield tag="050" ind1="0" ind2="0">
<subfield code="a">CD5381</subfield>
<subfield code="b">.L3</subfield>
</datafield>
<datafield tag="100" ind1="1" ind2=" ">
<subfield code="a">Laurent, Vitalien,</subfield>
<subfield code="d">1896-1973.</subfield>
</datafield>
<datafield tag="245" ind1="1" ind2="3">
<subfield code="a">La Collection C. Orghidan;</subfield>
<subfield code="b">documents de sigillographie byzantine.</subfield>
</datafield>
<datafield tag="250" ind1=" " ind2=" ">
<subfield code="a">[1. &#233;d.].</subfield>
</datafield>
<datafield tag="260" ind1=" " ind2=" ">
<subfield code="a">Paris,</subfield>
<subfield code="b">Presses universitaires de France,</subfield>
<subfield code="c">1952.</subfield>
</datafield>
<datafield tag="300" ind1=" " ind2=" ">
<subfield code="a">342</subfield>
<subfield code="b">illustrations</subfield>
<subfield code="c">28 cm.</subfield>
</datafield>
<datafield tag="336" ind1=" " ind2=" ">
<subfield code="a">text</subfield>
<subfield code="b">txt</subfield>
<subfield code="2">rdacontent</subfield>
</datafield>
<datafield tag="337" ind1=" " ind2=" ">
<subfield code="a">unmediated</subfield>
<subfield code="b">n</subfield>
<subfield code="2">rdamedia</subfield>
</datafield>
<datafield tag="338" ind1=" " ind2=" ">
<subfield code="a">volume</subfield>
<subfield code="b">nc</subfield>
<subfield code="2">rdacarrier</subfield>
</datafield>
<datafield tag="490" ind1="1" ind2=" ">
<subfield code="a">Biblioth&#232;que byzantine. Documents,</subfield>
<subfield code="v">1</subfield>
</datafield>
<datafield tag="500" ind1=" " ind2=" ">
<subfield code="a">The collection is now in the Academia Republicii Populare Rom&#238;ne.</subfield>
</datafield>
<datafield tag="504" ind1=" " ind2=" ">
<subfield code="a">Includes bibliographical references and indexes.</subfield>
</datafield>
<datafield tag="500" ind1=" " ind2=" ">
<subfield code="a">ISAW copy is from the library of Nina Garso&#239;an.</subfield>
<subfield code="5">NyNyUAW</subfield>
</datafield>
<datafield tag="650" ind1=" " ind2="0">
<subfield code="a">Seals (Numismatics)</subfield>
<subfield code="z">Byzantine Empire.</subfield>
</datafield>
<datafield tag="650" ind1=" " ind2="7">
<subfield code="a">Seals (Numismatics)</subfield>
<subfield code="2">fast</subfield>
<subfield code="0">(OCoLC)fst01110321</subfield>
</datafield>
<datafield tag="651" ind1=" " ind2="7">
<subfield code="a">Byzantine Empire.</subfield>
<subfield code="2">fast</subfield>
<subfield code="0">(OCoLC)fst01209292</subfield>
</datafield>
<datafield tag="700" ind1="1" ind2=" ">
<subfield code="a">Garso&#239;an, Nina G.,</subfield>
<subfield code="d">1923-</subfield>
<subfield code="e">former owner.</subfield>
<subfield code="5">NyNyUAW</subfield>
</datafield>
<datafield tag="710" ind1="2" ind2=" ">
<subfield code="a">Academia Republicii Populare Rom&#238;ne.</subfield>
</datafield>
<datafield tag="740" ind1="0" ind2=" ">
<subfield code="a">Garso&#239;an Collection.</subfield>
<subfield code="5">NyNyUAW</subfield>
</datafield>
<datafield tag="776" ind1="0" ind2="8">
<subfield code="i">Online version:</subfield>
<subfield code="a">Laurent, V. (Vitalien), -1973.</subfield>
<subfield code="t">Collection C. Orghidan.</subfield>
<subfield code="b">[1. &#233;d.].</subfield>
<subfield code="d">Paris, Presses universitaires de France, 1952</subfield>
<subfield code="w">(OCoLC)655058796</subfield>
</datafield>
<datafield tag="830" ind1=" " ind2="0">
<subfield code="a">Biblioth&#232;que byzantine. Documents ;</subfield>
<subfield code="v">1.</subfield>
</datafield>
<datafield tag="OWN" ind1=" " ind2=" ">
<subfield code="a">GENERAL</subfield>
</datafield>
<datafield tag="AVA" ind1=" " ind2=" ">
<subfield code="a">NYU50</subfield>
<subfield code="b">NISAW</subfield>
<subfield code="c">Large Collection</subfield>
<subfield code="d">CD5381 .L29 1952 Non-circulating</subfield>
<subfield code="e">unavailable</subfield>
<subfield code="t">Unavailable</subfield>
<subfield code="f">1</subfield>
<subfield code="g">1</subfield>
<subfield code="h">N</subfield>
<subfield code="i">0</subfield>
<subfield code="j">LARGE</subfield>
<subfield code="k">0</subfield>
</datafield>
</record>