<record xmlns="http://www.loc.gov/MARC21/slim" xmlns:xsi="http://www.w3.org/2001/XMLSchema-instance" xsi:schemaLocation="http://www.loc.gov/MARC21/slim http://www.loc.gov/standards/marcxml/schema/MARC21slim.xsd">
<leader>00000cam a22      a 4500</leader>
<controlfield tag="FMT">BK</controlfield>
<controlfield tag="LDR">00000cam a22      a 4500</controlfield>
<controlfield tag="001">006256286</controlfield>
<controlfield tag="005">20180730151851.0</controlfield>
<controlfield tag="007">gs cu||jc</controlfield>
<controlfield tag="008">180730s1996    dcuab    b    000 0 eng</controlfield>
<datafield tag="010" ind1=" " ind2=" ">
<subfield code="a">   96043428</subfield>
</datafield>
<datafield tag="020" ind1=" " ind2=" ">
<subfield code="a">1880317494</subfield>
</datafield>
<datafield tag="020" ind1=" " ind2=" ">
<subfield code="a">9781880317495</subfield>
</datafield>
<datafield tag="035" ind1=" " ind2=" ">
<subfield code="a">(OCoLC)35599648</subfield>
<subfield code="z">(OCoLC)896866751</subfield>
</datafield>
<datafield tag="040" ind1=" " ind2=" ">
<subfield code="a">DLC</subfield>
<subfield code="b">eng</subfield>
<subfield code="c">DLC</subfield>
<subfield code="d">BAKER</subfield>
<subfield code="d">BTCTA</subfield>
<subfield code="d">YDXCP</subfield>
<subfield code="d">OCLCF</subfield>
<subfield code="d">P4I</subfield>
<subfield code="d">OCLCQ</subfield>
<subfield code="d">NNU</subfield>
</datafield>
<datafield tag="043" ind1=" " ind2=" ">
<subfield code="a">aw-----</subfield>
</datafield>
<datafield tag="050" ind1="0" ind2="0">
<subfield code="a">P211</subfield>
<subfield code="b">.M15 1996</subfield>
</datafield>
<datafield tag="082" ind1="0" ind2="0">
<subfield code="a">411</subfield>
<subfield code="2">20</subfield>
</datafield>
<datafield tag="100" ind1="1" ind2=" ">
<subfield code="a">McCarter, P. Kyle</subfield>
<subfield code="q">(Peter Kyle),</subfield>
<subfield code="d">1945-</subfield>
</datafield>
<datafield tag="245" ind1="1" ind2="0">
<subfield code="a">Ancient inscriptions :</subfield>
<subfield code="b">voices from the Biblical world /</subfield>
<subfield code="c">P. Kyle McCarter, Jr.</subfield>
</datafield>
<datafield tag="246" ind1="3" ind2="0">
<subfield code="a">Voices from the Biblical world</subfield>
</datafield>
<datafield tag="260" ind1=" " ind2=" ">
<subfield code="a">Washington, DC :</subfield>
<subfield code="b">Biblical Archaeology Society,</subfield>
<subfield code="c">&#169;1996.</subfield>
</datafield>
<datafield tag="300" ind1=" " ind2=" ">
<subfield code="a">179</subfield>
<subfield code="b">illustrations, maps ;</subfield>
<subfield code="c">29 cm +</subfield>
<subfield code="e">140 color slides</subfield>
</datafield>
<datafield tag="336" ind1=" " ind2=" ">
<subfield code="a">text</subfield>
<subfield code="b">txt</subfield>
<subfield code="2">rdacontent</subfield>
</datafield>
<datafield tag="337" ind1=" " ind2=" ">
<subfield code="a">unmediated</subfield>
<subfield code="b">n</subfield>
<subfield code="2">rdamedia</subfield>
</datafield>
<datafield tag="338" ind1=" " ind2=" ">
<subfield code="a">volume</subfield>
<subfield code="b">nc</subfield>
<subfield code="2">rdacarrier</subfield>
</datafield>
<datafield tag="500" ind1=" " ind2=" ">
<subfield code="a">Slides contained in box.</subfield>
</datafield>
<datafield tag="504" ind1=" " ind2=" ">
<subfield code="a">Includes bibliographical references (page 179).</subfield>
</datafield>
<datafield tag="500" ind1=" " ind2=" ">
<subfield code="a">ISAW copy is from the library of Lawrence E. Stager.</subfield>
<subfield code="5">NyNyUAW</subfield>
</datafield>
<datafield tag="650" ind1=" " ind2="0">
<subfield code="a">Writing</subfield>
<subfield code="x">History.</subfield>
</datafield>
<datafield tag="650" ind1=" " ind2="0">
<subfield code="a">Inscriptions</subfield>
<subfield code="z">Middle East.</subfield>
</datafield>
<datafield tag="650" ind1=" " ind2="7">
<subfield code="a">Inscriptions.</subfield>
<subfield code="2">fast</subfield>
<subfield code="0">(OCoLC)fst00973837</subfield>
</datafield>
<datafield tag="650" ind1=" " ind2="7">
<subfield code="a">Writing.</subfield>
<subfield code="2">fast</subfield>
<subfield code="0">(OCoLC)fst01181638</subfield>
</datafield>
<datafield tag="651" ind1=" " ind2="7">
<subfield code="a">Middle East.</subfield>
<subfield code="2">fast</subfield>
<subfield code="0">(OCoLC)fst01241586</subfield>
</datafield>
<datafield tag="655" ind1=" " ind2="7">
<subfield code="a">History.</subfield>
<subfield code="2">fast</subfield>
<subfield code="0">(OCoLC)fst01411628</subfield>
</datafield>
<datafield tag="700" ind1="1" ind2=" ">
<subfield code="a">Stager, Lawrence E.,</subfield>
<subfield code="e">former owner.</subfield>
<subfield code="5">NyNyUAW</subfield>
</datafield>
<datafield tag="740" ind1="0" ind2=" ">
<subfield code="a">Stager Collection.</subfield>
<subfield code="5">NyNyUAW</subfield>
</datafield>
<datafield tag="OWN" ind1=" " ind2=" ">
<subfield code="a">GENERAL</subfield>
</datafield>
<datafield tag="AVA" ind1=" " ind2=" ">
<subfield code="a">NYU50</subfield>
<subfield code="b">NISAW</subfield>
<subfield code="c">Large Collection</subfield>
<subfield code="d">P211 .M15 1996 Non-circulating</subfield>
<subfield code="e">unavailable</subfield>
<subfield code="t">Unavailable</subfield>
<subfield code="f">1</subfield>
<subfield code="g">1</subfield>
<subfield code="h">N</subfield>
<subfield code="i">0</subfield>
<subfield code="j">LARGE</subfield>
<subfield code="k">0</subfield>
</datafield>
</record>