<record xmlns="http://www.loc.gov/MARC21/slim" xmlns:xsi="http://www.w3.org/2001/XMLSchema-instance" xsi:schemaLocation="http://www.loc.gov/MARC21/slim http://www.loc.gov/standards/marcxml/schema/MARC21slim.xsd">
<leader>00000cam a2200481Ii 4500</leader>
<controlfield tag="FMT">BK</controlfield>
<controlfield tag="LDR">00000cam a2200481Ii 4500</controlfield>
<controlfield tag="001">006225413</controlfield>
<controlfield tag="003">OCoLC</controlfield>
<controlfield tag="005">20180711120849.0</controlfield>
<controlfield tag="008">180711s2018    gw       b    000 0 ger d</controlfield>
<datafield tag="016" ind1="7" ind2=" ">
<subfield code="a">1155777077</subfield>
<subfield code="2">GyFmDB</subfield>
</datafield>
<datafield tag="020" ind1=" " ind2=" ">
<subfield code="a">9783447110426</subfield>
<subfield code="q">(pbk.)</subfield>
</datafield>
<datafield tag="020" ind1=" " ind2=" ">
<subfield code="a">3447110422</subfield>
<subfield code="q">(pbk.)</subfield>
</datafield>
<datafield tag="024" ind1="3" ind2=" ">
<subfield code="a">9783447110426</subfield>
</datafield>
<datafield tag="035" ind1=" " ind2=" ">
<subfield code="a">(OCoLC)1038709166</subfield>
</datafield>
<datafield tag="040" ind1=" " ind2=" ">
<subfield code="a">OHX</subfield>
<subfield code="b">eng</subfield>
<subfield code="e">rda</subfield>
<subfield code="c">OHX</subfield>
<subfield code="d">OCLCO</subfield>
<subfield code="d">ERASA</subfield>
<subfield code="d">CGU</subfield>
<subfield code="d">ZYU</subfield>
</datafield>
<datafield tag="041" ind1="0" ind2=" ">
<subfield code="a">ger</subfield>
<subfield code="a">hit</subfield>
</datafield>
<datafield tag="043" ind1=" " ind2=" ">
<subfield code="a">a-tu---</subfield>
</datafield>
<datafield tag="050" ind1=" " ind2="4">
<subfield code="a">P945</subfield>
<subfield code="b">.A2 2018</subfield>
</datafield>
<datafield tag="072" ind1=" " ind2="7">
<subfield code="a">PJ</subfield>
<subfield code="2">lcco</subfield>
</datafield>
<datafield tag="082" ind1="0" ind2="4">
<subfield code="a">932-933</subfield>
</datafield>
<datafield tag="090" ind1=" " ind2=" ">
<subfield code="a">P945.A2</subfield>
<subfield code="b">K43 no.12 2018</subfield>
</datafield>
<datafield tag="100" ind1="1" ind2=" ">
<subfield code="a">Torri, Giulia.</subfield>
</datafield>
<datafield tag="245" ind1="1" ind2="0">
<subfield code="a">Hethitische Texte in Transkription KBo 12 /</subfield>
<subfield code="c">Giulia Torri, Francesco G. Barsacchi.</subfield>
</datafield>
<datafield tag="264" ind1=" " ind2="1">
<subfield code="a">Wiesbaden :</subfield>
<subfield code="b">Harrassowitz Verlag,</subfield>
<subfield code="c">2018.</subfield>
</datafield>
<datafield tag="300" ind1=" " ind2=" ">
<subfield code="a">168</subfield>
<subfield code="c">24 cm.</subfield>
</datafield>
<datafield tag="336" ind1=" " ind2=" ">
<subfield code="a">text</subfield>
<subfield code="2">rdacontent</subfield>
</datafield>
<datafield tag="337" ind1=" " ind2=" ">
<subfield code="a">unmediated</subfield>
<subfield code="2">rdamedia</subfield>
</datafield>
<datafield tag="338" ind1=" " ind2=" ">
<subfield code="a">volume</subfield>
<subfield code="2">rdacarrier</subfield>
</datafield>
<datafield tag="490" ind1="1" ind2=" ">
<subfield code="a">Dresdner Beitr&#228;ge zur Hethitologie,</subfield>
<subfield code="x">1619-0874 ;</subfield>
<subfield code="v">Band 50</subfield>
</datafield>
<datafield tag="504" ind1=" " ind2=" ">
<subfield code="a">Includes bibliographical references and indexes.</subfield>
</datafield>
<datafield tag="546" ind1=" " ind2=" ">
<subfield code="a">Texts in romanized Hittite; introductory materials in German.</subfield>
</datafield>
<datafield tag="520" ind1="8" ind2=" ">
<subfield code="a">Der Autographie-Band KBo 12 wurde 1962 von Heinrich Otten vorgelegt. Die hierin aufgenommenen Texte sind von gro&#223;er Variet&#228;t: Mythologische und literarische Texte, historische Texte, Gesetze, Gebete, Beschw&#246;rungen und Rituale. Alle Textfragmente stammen aus sekund&#228;rer Lage innerhalb des Gebietes L/18 (Haus am Hang, HaH) in ?attu?a.0Im Zuge der Publikation der &#252;brigen HaH Fragmente (KBo 45, KBo 49 und KBo 56) wurden die Umschriften vorbereitet (Giulia Torri), kontrolliert und vollendet und die Datierungen an den Fotos kollationiert sowie die Bibliographie und das Abk&#252;rzungsverzeichnis erstellt (Francesco Barsacchi). Die Texte werden nach DTH-Gruppen zusammengestellt und es werden Anschlussst&#252;cke und Duplikate herangezogen, zudem erschlie&#223;en Indices zu den G&#246;tter-, Personen- und Ortsnamen den Band. Damit liegen die 140 Einzeltexte nunmehr in einer Form vor, die den aktuellen Forschungsstand abbildet und auch dem der Keilschrift Unkundigen einen leichten Zugang zum Textmaterial erm&#246;glicht.</subfield>
</datafield>
<datafield tag="650" ind1=" " ind2="0">
<subfield code="a">Hittite language</subfield>
<subfield code="v">Texts.</subfield>
</datafield>
<datafield tag="650" ind1=" " ind2="0">
<subfield code="a">Inscriptions, Hittite.</subfield>
</datafield>
<datafield tag="650" ind1=" " ind2="0">
<subfield code="a">Inscriptions, Hittite</subfield>
<subfield code="z">Turkey</subfield>
<subfield code="z">Bo&#287;azk&#246;y.</subfield>
</datafield>
<datafield tag="650" ind1=" " ind2="0">
<subfield code="a">Cuneiform tablets</subfield>
<subfield code="z">Turkey</subfield>
<subfield code="z">Bo&#287;azk&#246;y.</subfield>
</datafield>
<datafield tag="651" ind1=" " ind2="7">
<subfield code="a">Hattusa.</subfield>
<subfield code="2">pleiades</subfield>
<subfield code="0">https://pleiades.stoa.org/places/283602441</subfield>
</datafield>
<datafield tag="700" ind1="1" ind2=" ">
<subfield code="a">Barsacchi, Francesco G.</subfield>
</datafield>
<datafield tag="730" ind1="0" ind2=" ">
<subfield code="a">Keilschrifttexte aus Boghazk&#246;i;</subfield>
<subfield code="n">12.</subfield>
</datafield>
<datafield tag="830" ind1=" " ind2="0">
<subfield code="a">Dresdner Beitr&#228;ge zur Hethitologie ;</subfield>
<subfield code="v">Bd. 50.</subfield>
</datafield>
<datafield tag="994" ind1=" " ind2=" ">
<subfield code="a">Z0</subfield>
<subfield code="b">ZYU</subfield>
</datafield>
<datafield tag="OWN" ind1=" " ind2=" ">
<subfield code="a">GENERAL</subfield>
</datafield>
<datafield tag="AVA" ind1=" " ind2=" ">
<subfield code="a">NYU50</subfield>
<subfield code="b">NISAW</subfield>
<subfield code="c">Small Collection</subfield>
<subfield code="d">P945.A2 K43 no.12 2018 Non-circulating</subfield>
<subfield code="e">available</subfield>
<subfield code="t">Available</subfield>
<subfield code="f">1</subfield>
<subfield code="g">0</subfield>
<subfield code="h">N</subfield>
<subfield code="i">0</subfield>
<subfield code="j">SMALL</subfield>
<subfield code="k">0</subfield>
</datafield>
</record>