<record xmlns="http://www.loc.gov/MARC21/slim" xmlns:xsi="http://www.w3.org/2001/XMLSchema-instance" xsi:schemaLocation="http://www.loc.gov/MARC21/slim http://www.loc.gov/standards/marcxml/schema/MARC21slim.xsd">
<leader>00000cam a22     Ii 4500</leader>
<controlfield tag="FMT">BK</controlfield>
<controlfield tag="LDR">00000cam a22     Ii 4500</controlfield>
<controlfield tag="001">006218945</controlfield>
<controlfield tag="005">20180709103025.0</controlfield>
<controlfield tag="008">180702s2018    gw       b    000 0 ger d</controlfield>
<datafield tag="016" ind1="7" ind2=" ">
<subfield code="a">1142132218</subfield>
<subfield code="2">GyFmDB</subfield>
</datafield>
<datafield tag="020" ind1=" " ind2=" ">
<subfield code="a">9783447109192</subfield>
</datafield>
<datafield tag="020" ind1=" " ind2=" ">
<subfield code="a">344710919X</subfield>
</datafield>
<datafield tag="024" ind1="3" ind2=" ">
<subfield code="a">9783447109192</subfield>
</datafield>
<datafield tag="035" ind1=" " ind2=" ">
<subfield code="a">(OCoLC)1029652382</subfield>
<subfield code="z">(OCoLC)1015865376</subfield>
<subfield code="z">(OCoLC)1029017302</subfield>
</datafield>
<datafield tag="040" ind1=" " ind2=" ">
<subfield code="a">ERASP</subfield>
<subfield code="b">eng</subfield>
<subfield code="e">rda</subfield>
<subfield code="c">ERASP</subfield>
<subfield code="d">OHX</subfield>
<subfield code="d">YDX</subfield>
<subfield code="d">MR4</subfield>
<subfield code="d">OCLCO</subfield>
<subfield code="d">TNK</subfield>
<subfield code="d">MBB</subfield>
<subfield code="d">PTS</subfield>
<subfield code="d">OCLCF</subfield>
<subfield code="d">PAU</subfield>
<subfield code="d">ZYU</subfield>
</datafield>
<datafield tag="043" ind1=" " ind2=" ">
<subfield code="a">aw-----</subfield>
</datafield>
<datafield tag="050" ind1=" " ind2="4">
<subfield code="a">P945</subfield>
<subfield code="b">.S65 Heft 63</subfield>
</datafield>
<datafield tag="072" ind1=" " ind2="7">
<subfield code="a">P</subfield>
<subfield code="2">lcco</subfield>
</datafield>
<datafield tag="072" ind1=" " ind2="7">
<subfield code="a">BL</subfield>
<subfield code="2">lcco</subfield>
</datafield>
<datafield tag="082" ind1="0" ind2="4">
<subfield code="a">410</subfield>
</datafield>
<datafield tag="100" ind1="1" ind2=" ">
<subfield code="a">Daues, Alexandra,</subfield>
<subfield code="e">author.</subfield>
</datafield>
<datafield tag="245" ind1="1" ind2="4">
<subfield code="a">Das pers&#246;nliche Gebet bei den Hethitern :</subfield>
<subfield code="b">eine textlinguistische Untersuchung /</subfield>
<subfield code="c">Alexandra Daues und Elisabeth Rieken ; unter Mitwirkung von J&#252;rgen Lorenz.</subfield>
</datafield>
<datafield tag="264" ind1=" " ind2="1">
<subfield code="a">Wiesbaden :</subfield>
<subfield code="b">Harrassowitz Verlag,</subfield>
<subfield code="c">2018.</subfield>
</datafield>
<datafield tag="300" ind1=" " ind2=" ">
<subfield code="a">453</subfield>
<subfield code="c">25 cm.</subfield>
</datafield>
<datafield tag="336" ind1=" " ind2=" ">
<subfield code="a">text</subfield>
<subfield code="b">txt</subfield>
<subfield code="2">rdacontent</subfield>
</datafield>
<datafield tag="337" ind1=" " ind2=" ">
<subfield code="a">unmediated</subfield>
<subfield code="b">n</subfield>
<subfield code="2">rdamedia</subfield>
</datafield>
<datafield tag="338" ind1=" " ind2=" ">
<subfield code="a">volume</subfield>
<subfield code="b">nc</subfield>
<subfield code="2">rdacarrier</subfield>
</datafield>
<datafield tag="490" ind1="1" ind2=" ">
<subfield code="a">Studien zu den Bo&#287;azk&#246;y-Texten,</subfield>
<subfield code="x">0585-5853 ;</subfield>
<subfield code="v">Band 63</subfield>
</datafield>
<datafield tag="504" ind1=" " ind2=" ">
<subfield code="a">Includes bibliographical references (pages [445]-453).</subfield>
</datafield>
<datafield tag="520" ind1=" " ind2=" ">
<subfield code="a">"Als Zeugnisse tiefer Religiosit&#228;t dokumentieren die pers&#246;nlichen Gebete der Hethiter aus dem 2. Jahrtausend v.Chr. das menschliche Leiden und die Hoffnung auf Hilfe durch die G&#246;tter. Neben den einfacheren Gebeten aus der einheimisch-anatolischen Ritualtradition entstand - zun&#228;chst in enger Anlehnung an mesopotamische Vorbilder - seit mittelhethitischer Zeit eine neue Textgattung, deren hoch entwickelter literarischer Ausdruck sich zunehmend eigenst&#228;ndig weiterentwickelte. Auf der Grundlage einer neuen Edition der hethitischen Gebetstexte inklusive deutscher &#220;bersetzung bietet der vorliegende Band eine umfassende textsortenlinguistische und stilistische Analyse. W&#228;hrend auf der Ebene der Makrostruktur jeder Gebetstext als ein in sich koh&#228;renter Einzeltext begriffen wird, der eine Klassifikation seiner Strukturelemente und ihrer argumentativen Beziehungen zueinander erlaubt, zeigt die Analyse der Mikrostruktur, auf welchen sprachlichen Ebenen die hethitischen Verfasser vorgegebenen Textmustern gefolgt sind und wo sich ihnen Spielr&#228;ume zur individuellen Gestaltung boten. Dabei offenbaren sich die hethitischen Gebete als ein zentraler Bestandteil der hethitischen Literatur, der &#252;ber ein reiches Sortiment an Stilmitteln ebenso verf&#252;gt wie &#252;ber ein hohes Ma&#223; an poetischer Tiefe und intertextuellen Bez&#252;gen. Daraus folgt eine grundlegende Neubewertung der hethitischen Gebete als Textsorte und literarische Gattung."</subfield>
</datafield>
<datafield tag="520" ind1=" " ind2=" ">
<subfield code="a">"As evidence of deep religiousness, the personal prayers of the Hittites from a 2nd millennium BC document shows human suffering, hope and for help from the gods. In addition to the simpler prayers from the local-Anatolian ritual tradition emerged - initially in close reference to Mesopotamian role models - since the mid-Hittite period, a new genre of text whose sophisticated literary expression developed increasingly independently. Based on a new edition of Hittite prayer texts including German translation, the present volume offers a comprehensive textual linguistic and stylistic analysis. While at the level of the macrostructure, each prayer text is understood as a coherent single text which allows a classification of its structural elements and their argumentative relations. The analysis of the microstructure shows at linguistic levels that the Hittite authors have followed given text patterns and where there are spaces for individual design. The Hittite prayers reveal themselves to be a central component of Hittite literature, which has a rich assortment of stylistic devices as well as a high degree of poetic depth and intertextual references. From this follows a fundamental reassessment of Hittite prayer as a type of text and literary genre." --Publisher.</subfield>
</datafield>
<datafield tag="650" ind1=" " ind2="0">
<subfield code="a">Hittites</subfield>
<subfield code="x">Religion.</subfield>
</datafield>
<datafield tag="650" ind1=" " ind2="0">
<subfield code="a">Prayer</subfield>
<subfield code="z">Middle East</subfield>
<subfield code="x">History.</subfield>
</datafield>
<datafield tag="650" ind1=" " ind2="0">
<subfield code="a">Hittite language</subfield>
<subfield code="v">Texts.</subfield>
</datafield>
<datafield tag="650" ind1=" " ind2="0">
<subfield code="a">Hittite literature.</subfield>
</datafield>
<datafield tag="650" ind1=" " ind2="0">
<subfield code="a">Hattusa.</subfield>
<subfield code="2">pleiades</subfield>
<subfield code="0">https://pleiades.stoa.org/places/283602441</subfield>
<subfield code="5">NyNyUAW</subfield>
</datafield>
<datafield tag="650" ind1=" " ind2="7">
<subfield code="a">Hittite language.</subfield>
<subfield code="2">fast</subfield>
<subfield code="0">(OCoLC)fst00958398</subfield>
</datafield>
<datafield tag="650" ind1=" " ind2="7">
<subfield code="a">Hittite literature.</subfield>
<subfield code="2">fast</subfield>
<subfield code="0">(OCoLC)fst00958414</subfield>
</datafield>
<datafield tag="650" ind1=" " ind2="7">
<subfield code="a">Hittites</subfield>
<subfield code="x">Religion.</subfield>
<subfield code="2">fast</subfield>
<subfield code="0">(OCoLC)fst00958423</subfield>
</datafield>
<datafield tag="650" ind1=" " ind2="7">
<subfield code="a">Prayer.</subfield>
<subfield code="2">fast</subfield>
<subfield code="0">(OCoLC)fst01074680</subfield>
</datafield>
<datafield tag="651" ind1=" " ind2="7">
<subfield code="a">Middle East.</subfield>
<subfield code="2">fast</subfield>
<subfield code="0">(OCoLC)fst01241586</subfield>
</datafield>
<datafield tag="655" ind1=" " ind2="7">
<subfield code="a">History.</subfield>
<subfield code="2">fast</subfield>
<subfield code="0">(OCoLC)fst01411628</subfield>
</datafield>
<datafield tag="655" ind1=" " ind2="7">
<subfield code="a">Texts.</subfield>
<subfield code="2">fast</subfield>
<subfield code="0">(OCoLC)fst01423705</subfield>
</datafield>
<datafield tag="700" ind1="1" ind2=" ">
<subfield code="a">Rieken, Elisabeth,</subfield>
<subfield code="e">author.</subfield>
</datafield>
<datafield tag="700" ind1="1" ind2=" ">
<subfield code="a">Lorenz, J&#252;rgen</subfield>
<subfield code="c">(Philologist),</subfield>
<subfield code="e">author.</subfield>
</datafield>
<datafield tag="830" ind1=" " ind2="0">
<subfield code="a">Studien zu den Bo&#287;azk&#246;y-Texten ;</subfield>
<subfield code="v">Heft 63.</subfield>
</datafield>
<datafield tag="OWN" ind1=" " ind2=" ">
<subfield code="a">GENERAL</subfield>
</datafield>
<datafield tag="AVA" ind1=" " ind2=" ">
<subfield code="a">NYU50</subfield>
<subfield code="b">NISAW</subfield>
<subfield code="c">Small Collection</subfield>
<subfield code="d">P945 .S65 Heft 63 2018 Non-circulating</subfield>
<subfield code="e">available</subfield>
<subfield code="t">Available</subfield>
<subfield code="f">1</subfield>
<subfield code="g">0</subfield>
<subfield code="h">N</subfield>
<subfield code="i">0</subfield>
<subfield code="j">SMALL</subfield>
<subfield code="k">0</subfield>
</datafield>
</record>