<record xmlns="http://www.loc.gov/MARC21/slim" xmlns:xsi="http://www.w3.org/2001/XMLSchema-instance" xsi:schemaLocation="http://www.loc.gov/MARC21/slim http://www.loc.gov/standards/marcxml/schema/MARC21slim.xsd">
<leader>00000cam a22      i 4500</leader>
<controlfield tag="FMT">BK</controlfield>
<controlfield tag="LDR">00000cam a22      i 4500</controlfield>
<controlfield tag="001">006218947</controlfield>
<controlfield tag="005">20180702144418.0</controlfield>
<controlfield tag="008">180702s2018    gw a     b    001 0 eng</controlfield>
<datafield tag="010" ind1=" " ind2=" ">
<subfield code="a">  2017055578</subfield>
</datafield>
<datafield tag="016" ind1="7" ind2=" ">
<subfield code="a">1072092913</subfield>
<subfield code="2">GyFmDB</subfield>
</datafield>
<datafield tag="020" ind1=" " ind2=" ">
<subfield code="a">9783110426946</subfield>
<subfield code="q">(hardcover)</subfield>
</datafield>
<datafield tag="020" ind1=" " ind2=" ">
<subfield code="a">3110426943</subfield>
</datafield>
<datafield tag="020" ind1=" " ind2=" ">
<subfield code="z">9783110426953 (pdf)</subfield>
</datafield>
<datafield tag="020" ind1=" " ind2=" ">
<subfield code="z">9783110423488 (epub)</subfield>
</datafield>
<datafield tag="024" ind1="3" ind2=" ">
<subfield code="a">9783110426946</subfield>
</datafield>
<datafield tag="035" ind1=" " ind2=" ">
<subfield code="a">(OCoLC)1013873740</subfield>
</datafield>
<datafield tag="040" ind1=" " ind2=" ">
<subfield code="a">DLC</subfield>
<subfield code="b">eng</subfield>
<subfield code="e">rda</subfield>
<subfield code="c">DLC</subfield>
<subfield code="d">NJM</subfield>
<subfield code="d">OHX</subfield>
<subfield code="d">OCLCF</subfield>
<subfield code="d">CIN</subfield>
<subfield code="d">OCL</subfield>
<subfield code="d">NDD</subfield>
<subfield code="d">HCH</subfield>
<subfield code="d">CHVBK</subfield>
<subfield code="d">OCLCO</subfield>
<subfield code="d">QCL</subfield>
</datafield>
<datafield tag="041" ind1="0" ind2=" ">
<subfield code="a">eng</subfield>
<subfield code="a">grc</subfield>
</datafield>
<datafield tag="042" ind1=" " ind2=" ">
<subfield code="a">pcc</subfield>
</datafield>
<datafield tag="043" ind1=" " ind2=" ">
<subfield code="a">e------</subfield>
<subfield code="a">ff-----</subfield>
<subfield code="a">aw-----</subfield>
<subfield code="a">e-gr---</subfield>
</datafield>
<datafield tag="050" ind1="0" ind2="0">
<subfield code="a">PA3042</subfield>
<subfield code="b">.S37 2018</subfield>
</datafield>
<datafield tag="072" ind1=" " ind2="7">
<subfield code="a">PA</subfield>
<subfield code="2">lcco</subfield>
</datafield>
<datafield tag="082" ind1="0" ind2="0">
<subfield code="a">886/.0109</subfield>
<subfield code="2">23</subfield>
</datafield>
<datafield tag="100" ind1="1" ind2=" ">
<subfield code="a">Sarri, Antonia,</subfield>
<subfield code="e">author.</subfield>
</datafield>
<datafield tag="245" ind1="1" ind2="0">
<subfield code="a">Material aspects of letter writing in the Graeco-Roman world, 500 BC-AD 300 /</subfield>
<subfield code="c">Antonia Sarri.</subfield>
</datafield>
<datafield tag="264" ind1=" " ind2="1">
<subfield code="a">Berlin ;</subfield>
<subfield code="a">Boston :</subfield>
<subfield code="b">Walter De Gruyter,</subfield>
<subfield code="c">[2018]</subfield>
</datafield>
<datafield tag="264" ind1=" " ind2="4">
<subfield code="c">&#169;2018</subfield>
</datafield>
<datafield tag="300" ind1=" " ind2=" ">
<subfield code="a">388</subfield>
<subfield code="b">illustrations (some color) ;</subfield>
<subfield code="c">25 cm</subfield>
</datafield>
<datafield tag="336" ind1=" " ind2=" ">
<subfield code="a">text</subfield>
<subfield code="b">txt</subfield>
<subfield code="2">rdacontent</subfield>
</datafield>
<datafield tag="337" ind1=" " ind2=" ">
<subfield code="a">unmediated</subfield>
<subfield code="b">n</subfield>
<subfield code="2">rdamedia</subfield>
</datafield>
<datafield tag="338" ind1=" " ind2=" ">
<subfield code="a">volume</subfield>
<subfield code="b">nc</subfield>
<subfield code="2">rdacarrier</subfield>
</datafield>
<datafield tag="490" ind1="1" ind2=" ">
<subfield code="a">Materiale Textkulturen,</subfield>
<subfield code="x">2198-6932 ;</subfield>
<subfield code="v">Band 12</subfield>
</datafield>
<datafield tag="504" ind1=" " ind2=" ">
<subfield code="a">Includes bibliographical references and index.</subfield>
</datafield>
<datafield tag="546" ind1=" " ind2=" ">
<subfield code="a">In English; includes some text in Greek.</subfield>
</datafield>
<datafield tag="520" ind1=" " ind2=" ">
<subfield code="a">Letter writing was widespread in the Graeco-Roman world, as indicated by the large number of surviving letters and their extensive coverage of all social categories. Despite a large amount of work that has been done on the topic of ancient epistolography, material and formatting conventions have remained underexplored, mainly due to the difficulty of accessing images of letters in the past. Thanks to the increasing availability of digital images and the appearance of more detailed and sophisticated editions, we are now in a position to study such aspects. This book examines the development of letter writing conventions from the archaic to Roman times, and is based on a wide corpus of letters that survive on their original material substrates. The bulk of the material is from Egypt, but the study takes account of comparative evidence from other regions of the Graeco-Roman world. Through analysis of developments in the use of letters, variations in formatting conventions, layout and authentication patterns according to the sociocultural background and communicational needs of writers, this book sheds light on changing trends in epistolary practice in Graeco-Roman society over a period of roughly eight hundred years.-Publisher.</subfield>
</datafield>
<datafield tag="650" ind1=" " ind2="0">
<subfield code="a">Classical letters</subfield>
<subfield code="x">History and criticism.</subfield>
</datafield>
<datafield tag="650" ind1=" " ind2="0">
<subfield code="a">Letter writing, Classical.</subfield>
</datafield>
<datafield tag="650" ind1=" " ind2="7">
<subfield code="a">Classical letters.</subfield>
<subfield code="2">fast</subfield>
<subfield code="0">(OCoLC)fst00863507</subfield>
</datafield>
<datafield tag="650" ind1=" " ind2="7">
<subfield code="a">Letter writing, Classical.</subfield>
<subfield code="2">fast</subfield>
<subfield code="0">(OCoLC)fst00996716</subfield>
</datafield>
<datafield tag="650" ind1=" " ind2="7">
<subfield code="a">Brief.</subfield>
<subfield code="2">gnd</subfield>
<subfield code="0">(DE-588)4008240-4</subfield>
</datafield>
<datafield tag="650" ind1=" " ind2="7">
<subfield code="a">Griechisch.</subfield>
<subfield code="2">gnd</subfield>
<subfield code="0">(DE-588)4113791-7</subfield>
</datafield>
<datafield tag="650" ind1=" " ind2="7">
<subfield code="a">Konvention.</subfield>
<subfield code="2">gnd</subfield>
<subfield code="0">(DE-588)4197552-2</subfield>
</datafield>
<datafield tag="650" ind1=" " ind2="7">
<subfield code="a">Papyrus.</subfield>
<subfield code="2">gnd</subfield>
<subfield code="0">(DE-588)4044571-9</subfield>
</datafield>
<datafield tag="651" ind1=" " ind2="7">
<subfield code="a">&#196;gypten.</subfield>
<subfield code="2">gnd</subfield>
<subfield code="0">(DE-588)4000556-2</subfield>
</datafield>
<datafield tag="655" ind1=" " ind2="7">
<subfield code="a">Criticism, interpretation, etc.</subfield>
<subfield code="2">fast</subfield>
<subfield code="0">(OCoLC)fst01411635</subfield>
</datafield>
<datafield tag="776" ind1="0" ind2=" ">
<subfield code="z">9783110423488</subfield>
</datafield>
<datafield tag="776" ind1="0" ind2=" ">
<subfield code="w">(GyWOH)har155023932</subfield>
</datafield>
<datafield tag="830" ind1=" " ind2="0">
<subfield code="a">Materiale Textkulturen ;</subfield>
<subfield code="v">Bd. 12.</subfield>
<subfield code="x">2198-6932</subfield>
</datafield>
<datafield tag="OWN" ind1=" " ind2=" ">
<subfield code="a">GENERAL</subfield>
</datafield>
<datafield tag="AVA" ind1=" " ind2=" ">
<subfield code="a">NYU50</subfield>
<subfield code="b">NISAW</subfield>
<subfield code="c">Small Collection</subfield>
<subfield code="d">PA3042 .S37 2018 Non-circulating</subfield>
<subfield code="e">available</subfield>
<subfield code="t">Available</subfield>
<subfield code="f">1</subfield>
<subfield code="g">0</subfield>
<subfield code="h">N</subfield>
<subfield code="i">0</subfield>
<subfield code="j">SMALL</subfield>
<subfield code="k">0</subfield>
</datafield>
</record>