<record xmlns="http://www.loc.gov/MARC21/slim" xmlns:xsi="http://www.w3.org/2001/XMLSchema-instance" xsi:schemaLocation="http://www.loc.gov/MARC21/slim http://www.loc.gov/standards/marcxml/schema/MARC21slim.xsd">
<leader>00000cam a22     Ii 4500</leader>
<controlfield tag="FMT">BK</controlfield>
<controlfield tag="LDR">00000cam a22     Ii 4500</controlfield>
<controlfield tag="001">006220776</controlfield>
<controlfield tag="005">20180709102550.0</controlfield>
<controlfield tag="008">180703s2017    enkaf    b    001 0deng d</controlfield>
<datafield tag="010" ind1=" " ind2=" ">
<subfield code="a">  2018379222</subfield>
</datafield>
<datafield tag="020" ind1=" " ind2=" ">
<subfield code="a">9780856982347</subfield>
<subfield code="q">(hardback)</subfield>
</datafield>
<datafield tag="020" ind1=" " ind2=" ">
<subfield code="a">0856982342</subfield>
<subfield code="q">(hardback)</subfield>
</datafield>
<datafield tag="035" ind1=" " ind2=" ">
<subfield code="a">(OCoLC)1023543200</subfield>
<subfield code="z">(OCoLC)1019998725</subfield>
<subfield code="z">(OCoLC)1022226979</subfield>
<subfield code="z">(OCoLC)1022977555</subfield>
<subfield code="z">(OCoLC)1030960304</subfield>
</datafield>
<datafield tag="040" ind1=" " ind2=" ">
<subfield code="a">EZ9</subfield>
<subfield code="b">eng</subfield>
<subfield code="e">rda</subfield>
<subfield code="c">EZ9</subfield>
<subfield code="d">OCLCO</subfield>
<subfield code="d">TJC</subfield>
<subfield code="d">VU@</subfield>
<subfield code="d">OCLCF</subfield>
<subfield code="d">OCLCA</subfield>
<subfield code="d">IXA</subfield>
<subfield code="d">OCL</subfield>
<subfield code="d">YDX</subfield>
<subfield code="d">UAB</subfield>
<subfield code="d">EYM</subfield>
<subfield code="d">DLC</subfield>
<subfield code="d">ZYU</subfield>
</datafield>
<datafield tag="041" ind1="1" ind2=" ">
<subfield code="a">eng</subfield>
<subfield code="a">grc</subfield>
<subfield code="h">grc</subfield>
</datafield>
<datafield tag="043" ind1=" " ind2=" ">
<subfield code="a">f-ua---</subfield>
</datafield>
<datafield tag="050" ind1=" " ind2="4">
<subfield code="a">PA3303</subfield>
<subfield code="b">.U53 2017</subfield>
</datafield>
<datafield tag="082" ind1="0" ind2="4">
<subfield code="a">487/.1</subfield>
<subfield code="2">23</subfield>
</datafield>
<datafield tag="245" ind1="0" ind2="4">
<subfield code="a">The undertakers of the Great Oasis (P. Nekr.) /</subfield>
<subfield code="c">[edited by] Roger S. Bagnall.</subfield>
</datafield>
<datafield tag="246" ind1="3" ind2="0">
<subfield code="a">P. Nekr.</subfield>
</datafield>
<datafield tag="264" ind1=" " ind2="1">
<subfield code="a">London :</subfield>
<subfield code="b">Egypt Exploration Society,</subfield>
<subfield code="c">2017.</subfield>
</datafield>
<datafield tag="300" ind1=" " ind2=" ">
<subfield code="a">148</subfield>
<subfield code="b">illustrations ;</subfield>
<subfield code="c">26 cm.</subfield>
</datafield>
<datafield tag="336" ind1=" " ind2=" ">
<subfield code="a">text</subfield>
<subfield code="b">txt</subfield>
<subfield code="2">rdacontent</subfield>
</datafield>
<datafield tag="336" ind1=" " ind2=" ">
<subfield code="a">still image</subfield>
<subfield code="b">sti</subfield>
<subfield code="2">rdacontent</subfield>
</datafield>
<datafield tag="337" ind1=" " ind2=" ">
<subfield code="a">unmediated</subfield>
<subfield code="b">n</subfield>
<subfield code="2">rdamedia</subfield>
</datafield>
<datafield tag="338" ind1=" " ind2=" ">
<subfield code="a">volume</subfield>
<subfield code="b">nc</subfield>
<subfield code="2">rdacarrier</subfield>
</datafield>
<datafield tag="490" ind1="1" ind2=" ">
<subfield code="a">Graeco-Roman memoirs. Supplementary volume ;</subfield>
<subfield code="v">no. 1</subfield>
</datafield>
<datafield tag="500" ind1=" " ind2=" ">
<subfield code="a">"The main series of Graeco-Roman Memoirs has traditionally been devoted to the publication of texts deriving wholly from the Egypt Exploration Society's excavations. The present volume, in which the texts belong only in part to the Society, inaugurates a new series of Supplementary Volumes" (General editors' preface).</subfield>
</datafield>
<datafield tag="546" ind1=" " ind2=" ">
<subfield code="a">Includes Ancient Greek text translated into English; commentary in English.</subfield>
</datafield>
<datafield tag="504" ind1=" " ind2=" ">
<subfield code="a">Includes bibliographical references and indexes.</subfield>
</datafield>
<datafield tag="505" ind1="2" ind2=" ">
<subfield code="a">1. Loan of money. 13 September 237. -- 5. Lease of a hunting ground. 27 July 241. -- 18. Letter about funeral expenses. c.260. -75. -- 24. Deed of divorce. c.290-92. -- 28. Letter about a body. Late third century. -- 32. Sale of a camel. 25 April 202. -- 41. Contract for wet-nursing. 4 November (?) 308 (?).</subfield>
</datafield>
<datafield tag="650" ind1=" " ind2="0">
<subfield code="a">Undertakers and undertaking</subfield>
<subfield code="z">Egypt</subfield>
<subfield code="x">Manuscripts (Papyri)</subfield>
<subfield code="y">237-314 A.D.</subfield>
</datafield>
<datafield tag="650" ind1=" " ind2="0">
<subfield code="a">Manuscripts, Greek (Papyri)</subfield>
<subfield code="z">Egypt</subfield>
<subfield code="z">Kharga (Oasis)</subfield>
<subfield code="v">Sources.</subfield>
</datafield>
<datafield tag="650" ind1=" " ind2="0">
<subfield code="a">Manuscripts, Greek (Papyri)</subfield>
<subfield code="z">Egypt</subfield>
<subfield code="z">Kharga (Oasis)</subfield>
<subfield code="x">Sources</subfield>
<subfield code="v">Translations into English.</subfield>
</datafield>
<datafield tag="650" ind1=" " ind2="0">
<subfield code="a">Manuscripts, Greek (Papyri)</subfield>
<subfield code="z">Egypt</subfield>
<subfield code="z">Kharga (Oasis)</subfield>
<subfield code="x">History and criticism.</subfield>
</datafield>
<datafield tag="650" ind1=" " ind2="0">
<subfield code="a">Undertakers and undertaking</subfield>
<subfield code="z">Egypt</subfield>
<subfield code="z">Kharga (Oasis)</subfield>
<subfield code="x">History</subfield>
<subfield code="v">Sources.</subfield>
</datafield>
<datafield tag="651" ind1=" " ind2="0">
<subfield code="a">Egypt</subfield>
<subfield code="x">Social life and customs</subfield>
<subfield code="y">237-314 A.D.</subfield>
</datafield>
<datafield tag="651" ind1=" " ind2="0">
<subfield code="a">Kharga (Egypt : Oasis)</subfield>
</datafield>
<datafield tag="651" ind1=" " ind2="0">
<subfield code="a">Egypt</subfield>
<subfield code="x">Politics and government</subfield>
<subfield code="y">237-314 A.D.</subfield>
</datafield>
<datafield tag="651" ind1=" " ind2="7">
<subfield code="a">Oasis Magna/Thebaidos.</subfield>
<subfield code="2">pleiades</subfield>
<subfield code="0">https://pleiades.stoa.org/places/776210</subfield>
</datafield>
<datafield tag="650" ind1=" " ind2="7">
<subfield code="a">Manners and customs.</subfield>
<subfield code="2">fast</subfield>
<subfield code="0">(OCoLC)fst01007815</subfield>
</datafield>
<datafield tag="650" ind1=" " ind2="7">
<subfield code="a">Manuscripts, Greek (Papyri)</subfield>
<subfield code="2">fast</subfield>
<subfield code="0">(OCoLC)fst01008356</subfield>
</datafield>
<datafield tag="650" ind1=" " ind2="7">
<subfield code="a">Politics and government.</subfield>
<subfield code="2">fast</subfield>
<subfield code="0">(OCoLC)fst01919741</subfield>
</datafield>
<datafield tag="650" ind1=" " ind2="7">
<subfield code="a">Undertakers and undertaking.</subfield>
<subfield code="2">fast</subfield>
<subfield code="0">(OCoLC)fst01161039</subfield>
</datafield>
<datafield tag="651" ind1=" " ind2="7">
<subfield code="a">Egypt.</subfield>
<subfield code="2">fast</subfield>
<subfield code="0">(OCoLC)fst01208755</subfield>
</datafield>
<datafield tag="651" ind1=" " ind2="7">
<subfield code="a">Egypt</subfield>
<subfield code="z">Kharga (Oasis)</subfield>
<subfield code="2">fast</subfield>
<subfield code="0">(OCoLC)fst01336249</subfield>
</datafield>
<datafield tag="648" ind1=" " ind2="7">
<subfield code="a">237-314.</subfield>
<subfield code="2">fast</subfield>
</datafield>
<datafield tag="655" ind1=" " ind2="7">
<subfield code="a">Criticism, interpretation, etc.</subfield>
<subfield code="2">fast</subfield>
<subfield code="0">(OCoLC)fst01411635</subfield>
</datafield>
<datafield tag="655" ind1=" " ind2="7">
<subfield code="a">History.</subfield>
<subfield code="2">fast</subfield>
<subfield code="0">(OCoLC)fst01411628</subfield>
</datafield>
<datafield tag="655" ind1=" " ind2="7">
<subfield code="a">Sources.</subfield>
<subfield code="2">fast</subfield>
<subfield code="0">(OCoLC)fst01423900</subfield>
</datafield>
<datafield tag="655" ind1=" " ind2="7">
<subfield code="a">Translations.</subfield>
<subfield code="2">fast</subfield>
<subfield code="0">(OCoLC)fst01423791</subfield>
</datafield>
<datafield tag="700" ind1="1" ind2=" ">
<subfield code="a">Bagnall, Roger S.,</subfield>
<subfield code="e">editor.</subfield>
</datafield>
<datafield tag="830" ind1=" " ind2="0">
<subfield code="a">Graeco-Roman memoirs.</subfield>
<subfield code="p">Supplementary volume ;</subfield>
<subfield code="v">no. 1.</subfield>
</datafield>
<datafield tag="OWN" ind1=" " ind2=" ">
<subfield code="a">GENERAL</subfield>
</datafield>
<datafield tag="AVA" ind1=" " ind2=" ">
<subfield code="a">NYU50</subfield>
<subfield code="b">NISAW</subfield>
<subfield code="c">Large Collection</subfield>
<subfield code="d">PA3303 .U53 2017 Non-circulating</subfield>
<subfield code="e">available</subfield>
<subfield code="t">Available</subfield>
<subfield code="f">1</subfield>
<subfield code="g">0</subfield>
<subfield code="h">N</subfield>
<subfield code="i">0</subfield>
<subfield code="j">LARGE</subfield>
<subfield code="k">0</subfield>
</datafield>
</record>