<record xmlns="http://www.loc.gov/MARC21/slim" xmlns:xsi="http://www.w3.org/2001/XMLSchema-instance" xsi:schemaLocation="http://www.loc.gov/MARC21/slim http://www.loc.gov/standards/marcxml/schema/MARC21slim.xsd">
<leader>00000cam a2200241u  4500</leader>
<controlfield tag="FMT">BK</controlfield>
<controlfield tag="LDR">00000cam a2200241u  4500</controlfield>
<controlfield tag="001">001227908</controlfield>
<controlfield tag="003">NNU</controlfield>
<controlfield tag="005">20180706120650.0</controlfield>
<controlfield tag="008">820924s1939    enkhj         000 0 eng c</controlfield>
<datafield tag="035" ind1="9" ind2=" ">
<subfield code="a">NYUb11595971</subfield>
</datafield>
<datafield tag="035" ind1=" " ind2=" ">
<subfield code="a">(CStRLIN)CUBG82-B28696</subfield>
</datafield>
<datafield tag="040" ind1=" " ind2=" ">
<subfield code="a">Yale Univ. Library</subfield>
<subfield code="c">CU</subfield>
<subfield code="d">CU</subfield>
<subfield code="d">NNU</subfield>
</datafield>
<datafield tag="043" ind1=" " ind2=" ">
<subfield code="a">f-ua---</subfield>
</datafield>
<datafield tag="050" ind1="0" ind2=" ">
<subfield code="a">PA3315</subfield>
<subfield code="b">.G4</subfield>
</datafield>
<datafield tag="079" ind1=" " ind2=" ">
<subfield code="a">(OCoLC)9998131</subfield>
</datafield>
<datafield tag="245" ind1="0" ind2="4">
<subfield code="a">The Adler papyri /</subfield>
<subfield code="c">The Greek texts edited by Elkan Nathan Adler, John Gavin Tait and Dr. Fritz M. Heichelheim ; the Demotic texts by the late Professor Francis Llewellyn Griffith. With sixteen plates.</subfield>
</datafield>
<datafield tag="260" ind1=" " ind2=" ">
<subfield code="a">London :</subfield>
<subfield code="b">H. Milford, Oxford University Press,</subfield>
<subfield code="c">1939.</subfield>
</datafield>
<datafield tag="300" ind1=" " ind2=" ">
<subfield code="a">118</subfield>
<subfield code="b">1 l. incl. geneal. tab. XVI pl. (facsims., part double) ;</subfield>
<subfield code="c">29 cm.</subfield>
</datafield>
<datafield tag="500" ind1=" " ind2=" ">
<subfield code="a">Greek texts and English translations; transliteration of Demotic texts and English translations.</subfield>
</datafield>
<datafield tag="583" ind1="1" ind2=" ">
<subfield code="a">committed to retain</subfield>
<subfield code="c">20160630</subfield>
<subfield code="d">20310630</subfield>
<subfield code="f">EAST</subfield>
<subfield code="h">Elmer Holmes Bobst Library</subfield>
<subfield code="z">This title retained by New York University Libraries on behalf of the Eastern Academic Scholars Trust (EAST)</subfield>
<subfield code="5">NNU</subfield>
</datafield>
<datafield tag="650" ind1=" " ind2="0">
<subfield code="a">Manuscripts, Greek (Papyri)</subfield>
<subfield code="z">Egypt</subfield>
<subfield code="z">Gebelein Site.</subfield>
</datafield>
<datafield tag="650" ind1=" " ind2="0">
<subfield code="a">Egyptian language</subfield>
<subfield code="v">Papyri, Demotic.</subfield>
</datafield>
<datafield tag="651" ind1=" " ind2="0">
<subfield code="a">Gebelein Site (Egypt)</subfield>
</datafield>
<datafield tag="651" ind1=" " ind2="7">
<subfield code="a">Pathyris/Aphroditopolis.</subfield>
<subfield code="2">pleiades</subfield>
<subfield code="0">https://pleiades.stoa.org/places/786084</subfield>
<subfield code="5">NyNyUAW</subfield>
</datafield>
<datafield tag="700" ind1="1" ind2=" ">
<subfield code="a">Adler, Elkan Nathan,</subfield>
<subfield code="d">1861-1946.</subfield>
</datafield>
<datafield tag="700" ind1="1" ind2=" ">
<subfield code="a">Tait, John Gavin,</subfield>
<subfield code="d">1896-</subfield>
</datafield>
<datafield tag="700" ind1="1" ind2=" ">
<subfield code="a">Heichelheim, Fritz M.</subfield>
<subfield code="q">(Fritz Moritz),</subfield>
<subfield code="d">1901-1968.</subfield>
</datafield>
<datafield tag="700" ind1="1" ind2=" ">
<subfield code="a">Griffith, F. Ll.</subfield>
<subfield code="q">(Francis Llewellyn),</subfield>
<subfield code="d">1862-1934.</subfield>
</datafield>
<datafield tag="740" ind1="0" ind2=" ">
<subfield code="a">P.Adl.</subfield>
</datafield>
<datafield tag="OWN" ind1=" " ind2=" ">
<subfield code="a">GENERAL</subfield>
</datafield>
<datafield tag="AVA" ind1=" " ind2=" ">
<subfield code="a">NYU50</subfield>
<subfield code="b">BOBST</subfield>
<subfield code="c">Main Collection</subfield>
<subfield code="d">PA3315 .G4 Oversize</subfield>
<subfield code="e">available</subfield>
<subfield code="t">Available</subfield>
<subfield code="f">1</subfield>
<subfield code="g">0</subfield>
<subfield code="h">N</subfield>
<subfield code="i">0</subfield>
<subfield code="j">MAIN</subfield>
<subfield code="k">0</subfield>
</datafield>
<datafield tag="AVA" ind1=" " ind2=" ">
<subfield code="a">NYU50</subfield>
<subfield code="b">NISAW</subfield>
<subfield code="c">Large Collection</subfield>
<subfield code="d">PA3315 .G4 1939 Non-circulating</subfield>
<subfield code="e">available</subfield>
<subfield code="t">Available</subfield>
<subfield code="f">1</subfield>
<subfield code="g">0</subfield>
<subfield code="h">N</subfield>
<subfield code="i">0</subfield>
<subfield code="j">LARGE</subfield>
<subfield code="k">0</subfield>
</datafield>
</record>