<record xmlns="http://www.loc.gov/MARC21/slim" xmlns:xsi="http://www.w3.org/2001/XMLSchema-instance" xsi:schemaLocation="http://www.loc.gov/MARC21/slim http://www.loc.gov/standards/marcxml/schema/MARC21slim.xsd">
<leader>00000cam a22     Ia 4500</leader>
<controlfield tag="FMT">BK</controlfield>
<controlfield tag="LDR">00000cam a22     Ia 4500</controlfield>
<controlfield tag="001">006254200</controlfield>
<controlfield tag="005">20180723151033.0</controlfield>
<controlfield tag="008">180723s1965    it       b    001 0 ita</controlfield>
<datafield tag="010" ind1=" " ind2=" ">
<subfield code="a">   78202080</subfield>
</datafield>
<datafield tag="035" ind1=" " ind2=" ">
<subfield code="a">(OCoLC)3626552</subfield>
<subfield code="z">(OCoLC)222466335</subfield>
<subfield code="z">(OCoLC)862311634</subfield>
<subfield code="z">(OCoLC)976849928</subfield>
<subfield code="z">(OCoLC)1006268147</subfield>
</datafield>
<datafield tag="040" ind1=" " ind2=" ">
<subfield code="a">DLC</subfield>
<subfield code="b">eng</subfield>
<subfield code="c">TJC</subfield>
<subfield code="d">STF</subfield>
<subfield code="d">OCLCF</subfield>
<subfield code="d">GZM</subfield>
<subfield code="d">OCLCQ</subfield>
<subfield code="d">CNUTO</subfield>
<subfield code="d">J9U</subfield>
<subfield code="d">OCLCQ</subfield>
<subfield code="d">ZYU</subfield>
</datafield>
<datafield tag="050" ind1="0" ind2="4">
<subfield code="a">PA5110</subfield>
<subfield code="b">.I4 1965</subfield>
</datafield>
<datafield tag="100" ind1="1" ind2=" ">
<subfield code="a">Impellizzeri, Salvatore.</subfield>
</datafield>
<datafield tag="245" ind1="1" ind2="3">
<subfield code="a">La letteratura bizantina da Costantino agli iconoclasti /</subfield>
<subfield code="c">Salvatore Impellizzeri.</subfield>
</datafield>
<datafield tag="260" ind1=" " ind2=" ">
<subfield code="a">Bari :</subfield>
<subfield code="b">Dedalo Libri,</subfield>
<subfield code="c">1965.</subfield>
</datafield>
<datafield tag="300" ind1=" " ind2=" ">
<subfield code="a">388 pages ;</subfield>
<subfield code="c">21 cm.</subfield>
</datafield>
<datafield tag="336" ind1=" " ind2=" ">
<subfield code="a">text</subfield>
<subfield code="b">txt</subfield>
<subfield code="2">rdacontent</subfield>
</datafield>
<datafield tag="337" ind1=" " ind2=" ">
<subfield code="a">unmediated</subfield>
<subfield code="b">n</subfield>
<subfield code="2">rdamedia</subfield>
</datafield>
<datafield tag="338" ind1=" " ind2=" ">
<subfield code="a">volume</subfield>
<subfield code="b">nc</subfield>
<subfield code="2">rdacarrier</subfield>
</datafield>
<datafield tag="490" ind1="1" ind2=" ">
<subfield code="a">Saggi / Universita&#769; degli studi di Bari. Istituto di storia medievale e moderna ;</subfield>
<subfield code="v">5</subfield>
</datafield>
<datafield tag="504" ind1=" " ind2=" ">
<subfield code="a">Includes bibliographical references (pages 313-374) and indexes.</subfield>
</datafield>
<datafield tag="500" ind1=" " ind2=" ">
<subfield code="a">ISAW copy is in Venetian wallpaper binding (blue).</subfield>
<subfield code="5">NyNyUAW</subfield>
</datafield>
<datafield tag="500" ind1=" " ind2=" ">
<subfield code="a">ISAW copy is from the library of Nina Garso&#239;an.</subfield>
<subfield code="5">NyNyUAW</subfield>
</datafield>
<datafield tag="650" ind1=" " ind2="0">
<subfield code="a">Byzantine literature</subfield>
<subfield code="x">History and criticism.</subfield>
</datafield>
<datafield tag="650" ind1=" " ind2="7">
<subfield code="a">Byzantine literature.</subfield>
<subfield code="2">fast</subfield>
<subfield code="0">(OCoLC)fst00843235</subfield>
</datafield>
<datafield tag="655" ind1=" " ind2="7">
<subfield code="a">Criticism, interpretation, etc.</subfield>
<subfield code="2">fast</subfield>
<subfield code="0">(OCoLC)fst01411635</subfield>
</datafield>
<datafield tag="700" ind1="1" ind2=" ">
<subfield code="a">Garso&#239;an, Nina G.,</subfield>
<subfield code="d">1923-</subfield>
<subfield code="e">former owner.</subfield>
<subfield code="5">NyNyUAW</subfield>
</datafield>
<datafield tag="740" ind1="0" ind2=" ">
<subfield code="a">Garso&#239;an Collection.</subfield>
<subfield code="5">NyNyUAW</subfield>
</datafield>
<datafield tag="776" ind1="0" ind2="8">
<subfield code="i">Online version:</subfield>
<subfield code="a">Impellizzeri, Salvatore.</subfield>
<subfield code="t">Letteratura bizantina da Costantino agli iconoclasti.</subfield>
<subfield code="d">Bari, Dedalo libri, 1965</subfield>
<subfield code="w">(OCoLC)654130665</subfield>
</datafield>
<datafield tag="830" ind1=" " ind2="0">
<subfield code="a">Saggi (Universita&#768; di Bari. Istituto di storia medievale e moderna) ;</subfield>
<subfield code="v">5.</subfield>
</datafield>
<datafield tag="OWN" ind1=" " ind2=" ">
<subfield code="a">GENERAL</subfield>
</datafield>
<datafield tag="AVA" ind1=" " ind2=" ">
<subfield code="a">NYU50</subfield>
<subfield code="b">NISAW</subfield>
<subfield code="c">Small Collection</subfield>
<subfield code="d">PA5110 .I4 1965</subfield>
<subfield code="e">unavailable</subfield>
<subfield code="t">Unavailable</subfield>
<subfield code="f">1</subfield>
<subfield code="g">1</subfield>
<subfield code="h">N</subfield>
<subfield code="i">0</subfield>
<subfield code="j">SMALL</subfield>
<subfield code="k">0</subfield>
</datafield>
</record>