<record xmlns="http://www.loc.gov/MARC21/slim" xmlns:xsi="http://www.w3.org/2001/XMLSchema-instance" xsi:schemaLocation="http://www.loc.gov/MARC21/slim http://www.loc.gov/standards/marcxml/schema/MARC21slim.xsd">
<leader>00000cam a22     Ia 4500</leader>
<controlfield tag="FMT">BK</controlfield>
<controlfield tag="LDR">00000cam a22     Ia 4500</controlfield>
<controlfield tag="001">006251555</controlfield>
<controlfield tag="005">20180720153208.0</controlfield>
<controlfield tag="008">180717s1970    fr       b    001 0 fre c</controlfield>
<datafield tag="010" ind1=" " ind2=" ">
<subfield code="a">   72353081</subfield>
</datafield>
<datafield tag="035" ind1=" " ind2=" ">
<subfield code="a">(OCoLC)1062182</subfield>
<subfield code="z">(OCoLC)996263</subfield>
<subfield code="z">(OCoLC)220342651</subfield>
<subfield code="z">(OCoLC)222467556</subfield>
<subfield code="z">(OCoLC)230241524</subfield>
</datafield>
<datafield tag="040" ind1=" " ind2=" ">
<subfield code="a">CIN</subfield>
<subfield code="b">eng</subfield>
<subfield code="c">CIN</subfield>
<subfield code="d">OCL</subfield>
<subfield code="d">GZM</subfield>
<subfield code="d">OCLCG</subfield>
<subfield code="d">STF</subfield>
<subfield code="d">RBN</subfield>
<subfield code="d">OCLCQ</subfield>
<subfield code="d">OSU</subfield>
<subfield code="d">OCLCQ</subfield>
<subfield code="d">ZWZ</subfield>
<subfield code="d">OCLCQ</subfield>
<subfield code="d">RAU</subfield>
<subfield code="d">OCLCA</subfield>
<subfield code="d">OCLCQ</subfield>
<subfield code="d">OCLCO</subfield>
<subfield code="d">OCLCF</subfield>
<subfield code="d">OCLCQ</subfield>
<subfield code="d">MST</subfield>
<subfield code="d">ZYU</subfield>
</datafield>
<datafield tag="041" ind1="1" ind2=" ">
<subfield code="a">fre</subfield>
<subfield code="a">grc</subfield>
<subfield code="h">grc</subfield>
</datafield>
<datafield tag="043" ind1=" " ind2=" ">
<subfield code="a">mm-----</subfield>
</datafield>
<datafield tag="050" ind1="0" ind2="4">
<subfield code="a">PA5385.T6</subfield>
<subfield code="b">Z548 1970</subfield>
</datafield>
<datafield tag="082" ind1="0" ind2="4">
<subfield code="a">885.02</subfield>
<subfield code="2">22</subfield>
</datafield>
<datafield tag="100" ind1="1" ind2=" ">
<subfield code="a">Tornik&#275;s, Ge&#333;rgios,</subfield>
<subfield code="d">active 12th century.</subfield>
</datafield>
<datafield tag="240" ind1="1" ind2="0">
<subfield code="a">Works.</subfield>
<subfield code="l">French &amp; Greek.</subfield>
<subfield code="f">1970</subfield>
</datafield>
<datafield tag="245" ind1="1" ind2="0">
<subfield code="a">Lettres et discours /</subfield>
<subfield code="c">George et D&#232;metrios Tornik&#232;s ; introduction, texte, analyses, traduction et notes par Jean Darraouz&#232;s.</subfield>
</datafield>
<datafield tag="246" ind1="3" ind2=" ">
<subfield code="a">George et D&#232;metrios Tornik&#232;s</subfield>
</datafield>
<datafield tag="260" ind1=" " ind2=" ">
<subfield code="a">Paris :</subfield>
<subfield code="b">&#201;ditions du Centre national de la recherche scientifique,</subfield>
<subfield code="c">1970.</subfield>
</datafield>
<datafield tag="300" ind1=" " ind2=" ">
<subfield code="a">381 pages ;</subfield>
<subfield code="c">23 cm.</subfield>
</datafield>
<datafield tag="336" ind1=" " ind2=" ">
<subfield code="a">text</subfield>
<subfield code="b">txt</subfield>
<subfield code="2">rdacontent</subfield>
</datafield>
<datafield tag="337" ind1=" " ind2=" ">
<subfield code="a">unmediated</subfield>
<subfield code="b">n</subfield>
<subfield code="2">rdamedia</subfield>
</datafield>
<datafield tag="338" ind1=" " ind2=" ">
<subfield code="a">volume</subfield>
<subfield code="b">nc</subfield>
<subfield code="2">rdacarrier</subfield>
</datafield>
<datafield tag="490" ind1="1" ind2=" ">
<subfield code="a">Le monde byzantin</subfield>
</datafield>
<datafield tag="546" ind1=" " ind2=" ">
<subfield code="a">Greek text with French translation; commentary in French.</subfield>
</datafield>
<datafield tag="504" ind1=" " ind2=" ">
<subfield code="a">Includes bibliographical references (pages 69-70) and indexes.</subfield>
</datafield>
<datafield tag="500" ind1=" " ind2=" ">
<subfield code="a">ISAW copy is from the library of Nina Garso&#239;an.</subfield>
<subfield code="5">NyNyUAW</subfield>
</datafield>
<datafield tag="600" ind1="1" ind2="0">
<subfield code="a">Tornik&#275;s, Ge&#333;rgios,</subfield>
<subfield code="d">active 12th century.</subfield>
</datafield>
<datafield tag="600" ind1="1" ind2="0">
<subfield code="a">Tornik&#275;s, D&#275;m&#275;trios,</subfield>
<subfield code="d">-1200.</subfield>
</datafield>
<datafield tag="651" ind1=" " ind2="7">
<subfield code="a">Constantinopolis.</subfield>
<subfield code="2">pleiades</subfield>
<subfield code="0">https://pleiades.stoa.org/places/520998</subfield>
<subfield code="5">NyNyUAW</subfield>
</datafield>
<datafield tag="651" ind1=" " ind2="0">
<subfield code="a">Byzantine Empire</subfield>
<subfield code="x">History</subfield>
<subfield code="v">Sources.</subfield>
</datafield>
<datafield tag="600" ind1="1" ind2="7">
<subfield code="a">Tornik&#275;s, D&#275;m&#275;trios,</subfield>
<subfield code="d">-1200.</subfield>
<subfield code="2">fast</subfield>
<subfield code="0">(OCoLC)fst01851422</subfield>
</datafield>
<datafield tag="600" ind1="1" ind2="7">
<subfield code="a">Tornik&#275;s, Ge&#333;rgios,</subfield>
<subfield code="d">active 12th century.</subfield>
<subfield code="2">fast</subfield>
<subfield code="0">(OCoLC)fst01851423</subfield>
</datafield>
<datafield tag="610" ind1="2" ind2="4">
<subfield code="a">St. Cloud State University</subfield>
<subfield code="x">Faculty</subfield>
<subfield code="v">Publications.</subfield>
</datafield>
<datafield tag="651" ind1=" " ind2="7">
<subfield code="a">Empire byzantin</subfield>
<subfield code="x">Histoire</subfield>
<subfield code="x">Sources.</subfield>
<subfield code="2">ram</subfield>
</datafield>
<datafield tag="700" ind1="1" ind2=" ">
<subfield code="a">Tornik&#275;s, D&#275;m&#275;trios,</subfield>
<subfield code="d">-1200.</subfield>
</datafield>
<datafield tag="700" ind1="1" ind2=" ">
<subfield code="a">Darrouz&#232;s, Jean.</subfield>
</datafield>
<datafield tag="700" ind1="1" ind2=" ">
<subfield code="a">Garso&#239;an, Nina G.,</subfield>
<subfield code="d">1923-</subfield>
<subfield code="e">former owner.</subfield>
<subfield code="5">NyNyUAW</subfield>
</datafield>
<datafield tag="740" ind1="0" ind2=" ">
<subfield code="a">Garso&#239;an Collection.</subfield>
<subfield code="5">NyNyUAW</subfield>
</datafield>
<datafield tag="776" ind1="0" ind2="8">
<subfield code="i">Online version:</subfield>
<subfield code="a">Tornik&#275;s, Ge&#333;rgios, 12th cent.</subfield>
<subfield code="s">Works. French &amp; Greek. 1970.</subfield>
<subfield code="t">Lettres et discours.</subfield>
<subfield code="d">Paris : &#201;ditions du Centre national de la recherche scientifique, 1970</subfield>
<subfield code="w">(OCoLC)580637534</subfield>
</datafield>
<datafield tag="776" ind1="0" ind2="8">
<subfield code="i">Online version:</subfield>
<subfield code="a">Tornik&#275;s, Ge&#333;rgios, 12th cent.</subfield>
<subfield code="s">Works. French &amp; Greek. 1970.</subfield>
<subfield code="t">Lettres et discours.</subfield>
<subfield code="d">Paris : &#201;ditions du Centre national de la recherche scientifique, 1970</subfield>
<subfield code="w">(OCoLC)607778122</subfield>
</datafield>
<datafield tag="830" ind1=" " ind2="0">
<subfield code="a">Monde byzantin.</subfield>
</datafield>
<datafield tag="OWN" ind1=" " ind2=" ">
<subfield code="a">GENERAL</subfield>
</datafield>
<datafield tag="AVA" ind1=" " ind2=" ">
<subfield code="a">NYU50</subfield>
<subfield code="b">NISAW</subfield>
<subfield code="c">Small Collection</subfield>
<subfield code="d">PA5385.T6 Z548 1970</subfield>
<subfield code="e">available</subfield>
<subfield code="t">Available</subfield>
<subfield code="f">1</subfield>
<subfield code="g">0</subfield>
<subfield code="h">N</subfield>
<subfield code="i">0</subfield>
<subfield code="j">SMALL</subfield>
<subfield code="k">0</subfield>
</datafield>
</record>