<record xmlns="http://www.loc.gov/MARC21/slim" xmlns:xsi="http://www.w3.org/2001/XMLSchema-instance" xsi:schemaLocation="http://www.loc.gov/MARC21/slim http://www.loc.gov/standards/marcxml/schema/MARC21slim.xsd">
<leader>00000nam a2200265 a 45M</leader>
<controlfield tag="FMT">BK</controlfield>
<controlfield tag="LDR">00000nam a2200265 a 45M</controlfield>
<controlfield tag="001">002223198</controlfield>
<controlfield tag="003">NNU</controlfield>
<controlfield tag="005">20180718113050.0</controlfield>
<controlfield tag="008">950517s1983    sz       b    000 0 eng</controlfield>
<datafield tag="010" ind1=" " ind2=" ">
<subfield code="a">84160514</subfield>
</datafield>
<datafield tag="020" ind1=" " ind2=" ">
<subfield code="a">372780291X</subfield>
</datafield>
<datafield tag="020" ind1=" " ind2=" ">
<subfield code="a">3525536747 (Vandenhoeck &amp; Ruprecht)</subfield>
</datafield>
<datafield tag="035" ind1="9" ind2=" ">
<subfield code="a">NYUb11275641</subfield>
</datafield>
<datafield tag="035" ind1=" " ind2=" ">
<subfield code="a">DCLC84160514-B</subfield>
</datafield>
<datafield tag="040" ind1=" " ind2=" ">
<subfield code="d">CStRLIN</subfield>
<subfield code="d">NNU</subfield>
</datafield>
<datafield tag="043" ind1=" " ind2=" ">
<subfield code="a">f-ua---</subfield>
</datafield>
<datafield tag="050" ind1="0" ind2=" ">
<subfield code="a">PJ1871</subfield>
<subfield code="b">.L5 1983</subfield>
</datafield>
<datafield tag="079" ind1=" " ind2=" ">
<subfield code="a">(OCoLC)11018079</subfield>
</datafield>
<datafield tag="082" ind1="0" ind2=" ">
<subfield code="a">893/.1</subfield>
<subfield code="2">19</subfield>
</datafield>
<datafield tag="100" ind1="1" ind2=" ">
<subfield code="a">Lichtheim, Miriam,</subfield>
<subfield code="d">1914-</subfield>
</datafield>
<datafield tag="245" ind1="1" ind2="0">
<subfield code="a">Late Egyptian wisdom literature in the international context :</subfield>
<subfield code="b">a study of demotic instructions /</subfield>
<subfield code="c">Miriam Lichtheim.</subfield>
</datafield>
<datafield tag="260" ind1=" " ind2=" ">
<subfield code="a">Freiburg, Schweiz :</subfield>
<subfield code="b">Universit&#228;tsverlag ;</subfield>
<subfield code="a">G&#246;ttingen :</subfield>
<subfield code="b">Vandenhoeck &amp; Ruprecht,</subfield>
<subfield code="c">1983.</subfield>
</datafield>
<datafield tag="300" ind1=" " ind2=" ">
<subfield code="a">240</subfield>
<subfield code="c">24 cm.</subfield>
</datafield>
<datafield tag="490" ind1="1" ind2=" ">
<subfield code="a">Orbis biblicus et orientalis ;</subfield>
<subfield code="v">52</subfield>
</datafield>
<datafield tag="504" ind1=" " ind2=" ">
<subfield code="a">Bibliography: p. 237-240.</subfield>
</datafield>
<datafield tag="650" ind1=" " ind2="0">
<subfield code="a">Didactic literature, Egyptian</subfield>
<subfield code="x">History and criticism.</subfield>
</datafield>
<datafield tag="650" ind1=" " ind2="0">
<subfield code="a">Egyptian language</subfield>
<subfield code="x">Writing, Demotic.</subfield>
</datafield>
<datafield tag="650" ind1=" " ind2="0">
<subfield code="a">Wisdom literature.</subfield>
</datafield>
<datafield tag="651" ind1=" " ind2="7">
<subfield code="a">Ancient Egypt (region)</subfield>
<subfield code="2">pleiades</subfield>
<subfield code="0">https://pleiades.stoa.org/places/981503</subfield>
<subfield code="5">NyNyUAW</subfield>
</datafield>
<datafield tag="830" ind1=" " ind2="0">
<subfield code="a">Orbis biblicus et orientalis ;</subfield>
<subfield code="v">52.</subfield>
</datafield>
<datafield tag="OWN" ind1=" " ind2=" ">
<subfield code="a">GENERAL</subfield>
</datafield>
<datafield tag="AVA" ind1=" " ind2=" ">
<subfield code="a">NYU50</subfield>
<subfield code="b">BOBST</subfield>
<subfield code="c">Main Collection</subfield>
<subfield code="d">PJ1871 .L5 1983</subfield>
<subfield code="e">unavailable</subfield>
<subfield code="t">Unavailable</subfield>
<subfield code="f">1</subfield>
<subfield code="g">1</subfield>
<subfield code="h">N</subfield>
<subfield code="i">0</subfield>
<subfield code="j">MAIN</subfield>
<subfield code="k">0</subfield>
</datafield>
<datafield tag="AVA" ind1=" " ind2=" ">
<subfield code="a">NYU50</subfield>
<subfield code="b">NISAW</subfield>
<subfield code="c">Small Collection</subfield>
<subfield code="d">PJ1871 .L5 1983</subfield>
<subfield code="e">unavailable</subfield>
<subfield code="t">Unavailable</subfield>
<subfield code="f">1</subfield>
<subfield code="g">1</subfield>
<subfield code="h">N</subfield>
<subfield code="i">0</subfield>
<subfield code="j">SMALL</subfield>
<subfield code="k">0</subfield>
</datafield>
</record>