<record xmlns="http://www.loc.gov/MARC21/slim" xmlns:xsi="http://www.w3.org/2001/XMLSchema-instance" xsi:schemaLocation="http://www.loc.gov/MARC21/slim http://www.loc.gov/standards/marcxml/schema/MARC21slim.xsd">
<leader>00000cam a22     Ii 4500</leader>
<controlfield tag="FMT">BK</controlfield>
<controlfield tag="LDR">00000cam a22     Ii 4500</controlfield>
<controlfield tag="001">006253579</controlfield>
<controlfield tag="005">20180731142111.0</controlfield>
<controlfield tag="008">180723s2018    gw a     bc   001 0 eng d</controlfield>
<datafield tag="020" ind1=" " ind2=" ">
<subfield code="a">9783963270222</subfield>
<subfield code="q">alk. paper</subfield>
</datafield>
<datafield tag="020" ind1=" " ind2=" ">
<subfield code="a">3963270225</subfield>
<subfield code="q">alk. paper</subfield>
</datafield>
<datafield tag="035" ind1=" " ind2=" ">
<subfield code="a">(OCoLC)1039787175</subfield>
</datafield>
<datafield tag="040" ind1=" " ind2=" ">
<subfield code="a">LOA</subfield>
<subfield code="b">eng</subfield>
<subfield code="e">rda</subfield>
<subfield code="c">LOA</subfield>
<subfield code="d">OCLCO</subfield>
<subfield code="d">OHX</subfield>
<subfield code="d">YDX</subfield>
<subfield code="d">OCLCF</subfield>
<subfield code="d">JHE</subfield>
<subfield code="d">ZYU</subfield>
</datafield>
<datafield tag="043" ind1=" " ind2=" ">
<subfield code="a">a-iq---</subfield>
<subfield code="a">e-uk---</subfield>
</datafield>
<datafield tag="050" ind1=" " ind2="4">
<subfield code="a">PJ3711</subfield>
<subfield code="b">.T37 2018</subfield>
</datafield>
<datafield tag="100" ind1="1" ind2=" ">
<subfield code="a">Tarasewicz, Rados&#322;aw,</subfield>
<subfield code="e">author.</subfield>
</datafield>
<datafield tag="245" ind1="1" ind2="4">
<subfield code="a">The Neo-Babylonian records from Ur from the Hall Collection of the British Museum /</subfield>
<subfield code="c">Rados&#322;aw Tarasewicz.</subfield>
</datafield>
<datafield tag="264" ind1=" " ind2="1">
<subfield code="a">M&#252;nster:</subfield>
<subfield code="b">Zaphon,</subfield>
<subfield code="c">2018.</subfield>
</datafield>
<datafield tag="300" ind1=" " ind2=" ">
<subfield code="a">213 pages :</subfield>
<subfield code="b">illustrations ;</subfield>
<subfield code="c">24 cm</subfield>
</datafield>
<datafield tag="336" ind1=" " ind2=" ">
<subfield code="a">text</subfield>
<subfield code="b">txt</subfield>
<subfield code="2">rdacontent</subfield>
</datafield>
<datafield tag="337" ind1=" " ind2=" ">
<subfield code="a">unmediated</subfield>
<subfield code="b">n</subfield>
<subfield code="2">rdamedia</subfield>
</datafield>
<datafield tag="338" ind1=" " ind2=" ">
<subfield code="a">volume</subfield>
<subfield code="b">nc</subfield>
<subfield code="2">rdacarrier</subfield>
</datafield>
<datafield tag="490" ind1="1" ind2=" ">
<subfield code="a">Dubsar ;</subfield>
<subfield code="v">Band 7</subfield>
</datafield>
<datafield tag="504" ind1=" " ind2=" ">
<subfield code="a">Includes bibliographical references and indexes.</subfield>
</datafield>
<datafield tag="610" ind1="2" ind2="0">
<subfield code="a">British Museum</subfield>
<subfield code="v">Catalogs.</subfield>
</datafield>
<datafield tag="610" ind1="2" ind2="7">
<subfield code="a">British Museum.</subfield>
<subfield code="2">fast</subfield>
<subfield code="0">(OCoLC)fst00536918</subfield>
</datafield>
<datafield tag="650" ind1=" " ind2="0">
<subfield code="a">Akkadian language</subfield>
<subfield code="v">Texts</subfield>
<subfield code="v">Catalogs.</subfield>
</datafield>
<datafield tag="650" ind1=" " ind2="0">
<subfield code="a">Cuneiform tablets</subfield>
<subfield code="z">Iraq</subfield>
<subfield code="z">Ur (Extinct city)</subfield>
</datafield>
<datafield tag="651" ind1=" " ind2="0">
<subfield code="a">Ur (Extinct city)</subfield>
</datafield>
<datafield tag="651" ind1=" " ind2="7">
<subfield code="a">Ur(i)</subfield>
<subfield code="2">pleiades</subfield>
<subfield code="0">https://pleiades.stoa.org/places/912985</subfield>
<subfield code="5">NyNyUAW</subfield>
</datafield>
<datafield tag="650" ind1=" " ind2="7">
<subfield code="a">Akkadian language.</subfield>
<subfield code="2">fast</subfield>
<subfield code="0">(OCoLC)fst00803982</subfield>
</datafield>
<datafield tag="650" ind1=" " ind2="7">
<subfield code="a">Cuneiform tablets.</subfield>
<subfield code="2">fast</subfield>
<subfield code="0">(OCoLC)fst00885202</subfield>
</datafield>
<datafield tag="651" ind1=" " ind2="7">
<subfield code="a">Iraq</subfield>
<subfield code="z">Ur (Extinct city)</subfield>
<subfield code="2">fast</subfield>
<subfield code="0">(OCoLC)fst01896867</subfield>
</datafield>
<datafield tag="655" ind1=" " ind2="7">
<subfield code="a">Catalogs.</subfield>
<subfield code="2">fast</subfield>
<subfield code="0">(OCoLC)fst01423692</subfield>
</datafield>
<datafield tag="830" ind1=" " ind2="0">
<subfield code="a">Dubsar ;</subfield>
<subfield code="v">Bd. 7.</subfield>
</datafield>
<datafield tag="OWN" ind1=" " ind2=" ">
<subfield code="a">GENERAL</subfield>
</datafield>
<datafield tag="AVA" ind1=" " ind2=" ">
<subfield code="a">NYU50</subfield>
<subfield code="b">NISAW</subfield>
<subfield code="c">Small Collection</subfield>
<subfield code="d">PJ3711 .T37 2018</subfield>
<subfield code="e">unavailable</subfield>
<subfield code="t">Unavailable</subfield>
<subfield code="f">1</subfield>
<subfield code="g">1</subfield>
<subfield code="h">N</subfield>
<subfield code="i">0</subfield>
<subfield code="j">SMALL</subfield>
<subfield code="k">0</subfield>
</datafield>
</record>