<record xmlns="http://www.loc.gov/MARC21/slim" xmlns:xsi="http://www.w3.org/2001/XMLSchema-instance" xsi:schemaLocation="http://www.loc.gov/MARC21/slim http://www.loc.gov/standards/marcxml/schema/MARC21slim.xsd">
<leader>00000cam a22      a 4500</leader>
<controlfield tag="FMT">BK</controlfield>
<controlfield tag="LDR">00000cam a22      a 4500</controlfield>
<controlfield tag="001">006225422</controlfield>
<controlfield tag="005">20180713143600.0</controlfield>
<controlfield tag="006">m        u</controlfield>
<controlfield tag="007">co cg|---uu|||</controlfield>
<controlfield tag="008">180711s2006    it a     bc   000 0 ita c</controlfield>
<datafield tag="035" ind1=" " ind2=" ">
<subfield code="a">(OCoLC)122276567</subfield>
</datafield>
<datafield tag="040" ind1=" " ind2=" ">
<subfield code="a">YUS</subfield>
<subfield code="b">eng</subfield>
<subfield code="c">YUS</subfield>
<subfield code="d">CHVBK</subfield>
<subfield code="d">OCLCO</subfield>
<subfield code="d">OCLCQ</subfield>
<subfield code="d">OCLCF</subfield>
<subfield code="d">NNU</subfield>
</datafield>
<datafield tag="042" ind1=" " ind2=" ">
<subfield code="a">pcc</subfield>
</datafield>
<datafield tag="043" ind1=" " ind2=" ">
<subfield code="a">e-it---</subfield>
<subfield code="a">a-iq---</subfield>
</datafield>
<datafield tag="050" ind1=" " ind2="4">
<subfield code="a">PJ3711</subfield>
<subfield code="b">.T376 2006</subfield>
</datafield>
<datafield tag="245" ind1="0" ind2="3">
<subfield code="a">Le tavolette cuneiformi di Adab :</subfield>
<subfield code="b">delle collezioni della Banca d'Italia /</subfield>
<subfield code="c">a cura di Francesco Pomponio, Giuseppe Visicato, Aage Westenholz ; in collaborazione con Odoardo Bulgarelli [and others].</subfield>
</datafield>
<datafield tag="260" ind1=" " ind2=" ">
<subfield code="a">Roma :</subfield>
<subfield code="b">Banca d'Italia,</subfield>
<subfield code="c">2006.</subfield>
</datafield>
<datafield tag="300" ind1=" " ind2=" ">
<subfield code="a">252</subfield>
<subfield code="b">color illustrations ;</subfield>
<subfield code="c">32 cm +</subfield>
<subfield code="e">2 CD-ROM (4 3/4 in.)</subfield>
</datafield>
<datafield tag="336" ind1=" " ind2=" ">
<subfield code="a">text</subfield>
<subfield code="b">txt</subfield>
<subfield code="2">rdacontent</subfield>
</datafield>
<datafield tag="337" ind1=" " ind2=" ">
<subfield code="a">unmediated</subfield>
<subfield code="b">n</subfield>
<subfield code="2">rdamedia</subfield>
</datafield>
<datafield tag="338" ind1=" " ind2=" ">
<subfield code="a">volume</subfield>
<subfield code="b">nc</subfield>
<subfield code="2">rdacarrier</subfield>
</datafield>
<datafield tag="500" ind1=" " ind2=" ">
<subfield code="a">"Volume 1."</subfield>
</datafield>
<datafield tag="504" ind1=" " ind2=" ">
<subfield code="a">Includes bibliographical references.</subfield>
</datafield>
<datafield tag="505" ind1="0" ind2="0">
<subfield code="g">Vol. 1</subfield>
<subfield code="t">Le tavolette cuneiformi di Adab, delle collezioni della Banca d'Italia /</subfield>
<subfield code="r">a cura di Francesco Pomponio, Giuseppe Visicato, Aage Westenholz, in collab. con Odoardo Bulgarelli [and others] --</subfield>
<subfield code="g">Vol. 2</subfield>
<subfield code="t">Tavolette cuneiformi di varia provenienza, delle collezioni della Banca d'Italia /</subfield>
<subfield code="r">a cura di Francesco Pomponio, Marten Stol, Aage Westenholz, in collab. con Franco D'Agostino [and others].</subfield>
</datafield>
<datafield tag="500" ind1=" " ind2=" ">
<subfield code="a">ISAW copy is from the library of David I. Owen.</subfield>
<subfield code="5">NyNyUAW</subfield>
</datafield>
<datafield tag="610" ind1="2" ind2="0">
<subfield code="a">Banca d'Italia</subfield>
<subfield code="x">Art collections</subfield>
<subfield code="v">Catalogs.</subfield>
</datafield>
<datafield tag="650" ind1=" " ind2="0">
<subfield code="a">Cuneiform tablets</subfield>
<subfield code="x">Private collections</subfield>
<subfield code="z">Italy</subfield>
<subfield code="z">Rome</subfield>
<subfield code="v">Catalogs.</subfield>
</datafield>
<datafield tag="650" ind1=" " ind2="0">
<subfield code="a">Sumerian language</subfield>
<subfield code="v">Texts.</subfield>
</datafield>
<datafield tag="650" ind1=" " ind2="0">
<subfield code="a">Cuneiform inscriptions, Akkadian</subfield>
<subfield code="z">Iraq.</subfield>
</datafield>
<datafield tag="650" ind1=" " ind2="0">
<subfield code="a">Cuneiform inscriptions, Akkadian</subfield>
<subfield code="z">Iraq</subfield>
<subfield code="z">Adab (Extinct city)</subfield>
</datafield>
<datafield tag="651" ind1=" " ind2="0">
<subfield code="a">Iraq</subfield>
<subfield code="x">Antiquities.</subfield>
</datafield>
<datafield tag="651" ind1=" " ind2="7">
<subfield code="a">Adab.</subfield>
<subfield code="2">pleiades</subfield>
<subfield code="0">https://pleiades.stoa.org/places/787747618</subfield>
</datafield>
<datafield tag="610" ind1="2" ind2="7">
<subfield code="a">Banca d'Italia.</subfield>
<subfield code="2">fast</subfield>
<subfield code="0">(OCoLC)fst00536766</subfield>
</datafield>
<datafield tag="650" ind1=" " ind2="7">
<subfield code="a">Antiquities.</subfield>
<subfield code="2">fast</subfield>
<subfield code="0">(OCoLC)fst00810745</subfield>
</datafield>
<datafield tag="650" ind1=" " ind2="7">
<subfield code="a">Art museums.</subfield>
<subfield code="2">fast</subfield>
<subfield code="0">(OCoLC)fst00815631</subfield>
</datafield>
<datafield tag="650" ind1=" " ind2="7">
<subfield code="a">Cuneiform inscriptions, Akkadian.</subfield>
<subfield code="2">fast</subfield>
<subfield code="0">(OCoLC)fst00885196</subfield>
</datafield>
<datafield tag="650" ind1=" " ind2="7">
<subfield code="a">Sumerian language.</subfield>
<subfield code="2">fast</subfield>
<subfield code="0">(OCoLC)fst01138450</subfield>
</datafield>
<datafield tag="651" ind1=" " ind2="7">
<subfield code="a">Iraq.</subfield>
<subfield code="2">fast</subfield>
<subfield code="0">(OCoLC)fst01205757</subfield>
</datafield>
<datafield tag="651" ind1=" " ind2="7">
<subfield code="a">Iraq</subfield>
<subfield code="z">Adab (Extinct city)</subfield>
<subfield code="2">fast</subfield>
<subfield code="0">(OCoLC)fst01880943</subfield>
</datafield>
<datafield tag="651" ind1=" " ind2="7">
<subfield code="a">Italy</subfield>
<subfield code="z">Rome.</subfield>
<subfield code="2">fast</subfield>
<subfield code="0">(OCoLC)fst01204500</subfield>
</datafield>
<datafield tag="655" ind1=" " ind2="7">
<subfield code="a">Catalogs.</subfield>
<subfield code="2">fast</subfield>
<subfield code="0">(OCoLC)fst01423692</subfield>
</datafield>
<datafield tag="655" ind1=" " ind2="7">
<subfield code="a">Texts.</subfield>
<subfield code="2">fast</subfield>
<subfield code="0">(OCoLC)fst01423705</subfield>
</datafield>
<datafield tag="700" ind1="1" ind2=" ">
<subfield code="a">Pomponio, Francesco.</subfield>
</datafield>
<datafield tag="700" ind1="1" ind2=" ">
<subfield code="a">Visicato, Giuseppe.</subfield>
</datafield>
<datafield tag="700" ind1="1" ind2=" ">
<subfield code="a">Westenholz, Aage.</subfield>
</datafield>
<datafield tag="700" ind1="1" ind2=" ">
<subfield code="a">Bulgarelli, Odoardo.</subfield>
</datafield>
<datafield tag="700" ind1="1" ind2=" ">
<subfield code="a">Stol, Marten.</subfield>
</datafield>
<datafield tag="700" ind1="1" ind2=" ">
<subfield code="a">Owen, David I.,</subfield>
<subfield code="e">former owner.</subfield>
<subfield code="5">NyNyUAW</subfield>
</datafield>
<datafield tag="710" ind1="2" ind2=" ">
<subfield code="a">Banca d'Italia.</subfield>
</datafield>
<datafield tag="740" ind1="0" ind2=" ">
<subfield code="a">Tavolette cuneiformi di varia provenienza delle collezioni della Banca d'Italia.</subfield>
</datafield>
<datafield tag="740" ind1="0" ind2=" ">
<subfield code="a">Owen Collection.</subfield>
<subfield code="5">NyNyUAW</subfield>
</datafield>
<datafield tag="OWN" ind1=" " ind2=" ">
<subfield code="a">GENERAL</subfield>
</datafield>
<datafield tag="AVA" ind1=" " ind2=" ">
<subfield code="a">NYU50</subfield>
<subfield code="b">NISAW</subfield>
<subfield code="c">Large Collection</subfield>
<subfield code="d">PJ3711 .T376 2006 Non-circulating</subfield>
<subfield code="e">available</subfield>
<subfield code="t">Available</subfield>
<subfield code="f">2</subfield>
<subfield code="g">0</subfield>
<subfield code="h">Y</subfield>
<subfield code="i">0</subfield>
<subfield code="j">LARGE</subfield>
<subfield code="k">0</subfield>
</datafield>
</record>