<record xmlns="http://www.loc.gov/MARC21/slim" xmlns:xsi="http://www.w3.org/2001/XMLSchema-instance" xsi:schemaLocation="http://www.loc.gov/MARC21/slim http://www.loc.gov/standards/marcxml/schema/MARC21slim.xsd">
<leader>00000cam a22      i 4500</leader>
<controlfield tag="FMT">BK</controlfield>
<controlfield tag="LDR">00000cam a22      i 4500</controlfield>
<controlfield tag="001">006251594</controlfield>
<controlfield tag="005">20180720141802.0</controlfield>
<controlfield tag="008">180717s2018    gaua     b    001 0 eng c</controlfield>
<datafield tag="010" ind1=" " ind2=" ">
<subfield code="a">  2018933761</subfield>
</datafield>
<datafield tag="020" ind1=" " ind2=" ">
<subfield code="a">9780897571081</subfield>
</datafield>
<datafield tag="020" ind1=" " ind2=" ">
<subfield code="a">0897571088</subfield>
</datafield>
<datafield tag="020" ind1=" " ind2=" ">
<subfield code="a">9781937040857</subfield>
<subfield code="q">(hardback)</subfield>
</datafield>
<datafield tag="020" ind1=" " ind2=" ">
<subfield code="a">1937040852</subfield>
<subfield code="q">(hardback)</subfield>
</datafield>
<datafield tag="035" ind1=" " ind2=" ">
<subfield code="a">(OCoLC)1030755006</subfield>
<subfield code="z">(OCoLC)988169618</subfield>
</datafield>
<datafield tag="040" ind1=" " ind2=" ">
<subfield code="a">HLS</subfield>
<subfield code="b">eng</subfield>
<subfield code="e">rda</subfield>
<subfield code="c">HLS</subfield>
<subfield code="d">OCLCO</subfield>
<subfield code="d">HLS</subfield>
<subfield code="d">JHE</subfield>
<subfield code="d">LOA</subfield>
<subfield code="d">UAB</subfield>
<subfield code="d">YDX</subfield>
<subfield code="d">UBY</subfield>
<subfield code="d">NNU</subfield>
</datafield>
<datafield tag="042" ind1=" " ind2=" ">
<subfield code="a">pcc</subfield>
</datafield>
<datafield tag="043" ind1=" " ind2=" ">
<subfield code="a">a-iq---</subfield>
</datafield>
<datafield tag="050" ind1=" " ind2="4">
<subfield code="a">PJ4054.N5</subfield>
<subfield code="b">S78 2018</subfield>
</datafield>
<datafield tag="082" ind1=" " ind2="4">
<subfield code="a">[E]</subfield>
</datafield>
<datafield tag="100" ind1="1" ind2=" ">
<subfield code="a">Studevent-Hickman, Benjamin,</subfield>
<subfield code="d">1969-</subfield>
<subfield code="e">author.</subfield>
</datafield>
<datafield tag="245" ind1="1" ind2="0">
<subfield code="a">Sumerian texts from Ancient Iraq :</subfield>
<subfield code="b">from Ur III to 9/11 /</subfield>
<subfield code="c">Benjamin Studevent-Hickman.</subfield>
</datafield>
<datafield tag="264" ind1=" " ind2="1">
<subfield code="a">[Atlanta] :</subfield>
<subfield code="b">Lockwood Press, published on behalf of the American Schools of Oriental Research,</subfield>
<subfield code="c">2018.</subfield>
</datafield>
<datafield tag="300" ind1=" " ind2=" ">
<subfield code="a">241</subfield>
<subfield code="b">illustrations ;</subfield>
<subfield code="c">29 cm.</subfield>
</datafield>
<datafield tag="336" ind1=" " ind2=" ">
<subfield code="a">text</subfield>
<subfield code="b">txt</subfield>
<subfield code="2">rdacontent</subfield>
</datafield>
<datafield tag="336" ind1=" " ind2=" ">
<subfield code="a">still image</subfield>
<subfield code="b">sti</subfield>
<subfield code="2">rdacontent</subfield>
</datafield>
<datafield tag="337" ind1=" " ind2=" ">
<subfield code="a">unmediated</subfield>
<subfield code="b">n</subfield>
<subfield code="2">rdamedia</subfield>
</datafield>
<datafield tag="338" ind1=" " ind2=" ">
<subfield code="a">volume</subfield>
<subfield code="b">nc</subfield>
<subfield code="2">rdacarrier</subfield>
</datafield>
<datafield tag="490" ind1="1" ind2=" ">
<subfield code="a">Journal of cuneiform studies. Supplemental series ;</subfield>
<subfield code="v">number 5</subfield>
</datafield>
<datafield tag="500" ind1=" " ind2=" ">
<subfield code="a">"145 new cuneiform tablets from ancient Babylonia, from a time that scholars call the Ur III period (ca, 2110-2003 BCE) ... [W]e know they are from a site near the ancient city of Nippur (modern Nuffar), the religious capital of Babylonia and an important political center for the kings of the Ur III dynasty. With a few possible exceptions, they appear to stem from the archive of a figure named Aradmu. ... The tablets ... were confiscated by US Customs, in 2001, stored in the World Trade Center complex in Manhattan; damaged during the attacks of 9/11; repaired through funding from the US Department of State; and returned to Iraq."--Preface.</subfield>
</datafield>
<datafield tag="504" ind1=" " ind2=" ">
<subfield code="a">Includes bibliographical references (pages 219-222) and index.</subfield>
</datafield>
<datafield tag="650" ind1=" " ind2="0">
<subfield code="a">Cuneiform inscriptions, Sumerian.</subfield>
</datafield>
<datafield tag="650" ind1=" " ind2="0">
<subfield code="a">Cuneiform tablets</subfield>
<subfield code="z">Iraq</subfield>
<subfield code="z">Nippur (Extinct city)</subfield>
<subfield code="5">NyNyUAW</subfield>
</datafield>
<datafield tag="650" ind1=" " ind2="0">
<subfield code="a">Sumerian language</subfield>
<subfield code="v">Texts.</subfield>
<subfield code="5">NyNyUAW</subfield>
</datafield>
<datafield tag="651" ind1=" " ind2="0">
<subfield code="a">Nippur (Extinct city)</subfield>
</datafield>
<datafield tag="651" ind1=" " ind2="7">
<subfield code="a">Nippur/Nufar/'Hippareni'.</subfield>
<subfield code="2">pleiades</subfield>
<subfield code="0">https://pleiades.stoa.org/places/912910</subfield>
</datafield>
<datafield tag="650" ind1=" " ind2="7">
<subfield code="a">Cuneiform inscriptions, Sumerian</subfield>
<subfield code="2">fast</subfield>
<subfield code="0">(OCoLC)fst00885199</subfield>
</datafield>
<datafield tag="651" ind1=" " ind2="7">
<subfield code="a">Iraq</subfield>
<subfield code="z">Nippur (Extinct city)</subfield>
<subfield code="2">fast</subfield>
<subfield code="0">(OCoLC)fst01896887</subfield>
</datafield>
<datafield tag="710" ind1="2" ind2=" ">
<subfield code="a">American Schools of Oriental Research,</subfield>
<subfield code="e">issuing body.</subfield>
</datafield>
<datafield tag="830" ind1=" " ind2="0">
<subfield code="a">Journal of cuneiform studies.</subfield>
<subfield code="p">Supplemental series ;</subfield>
<subfield code="v">no. 5.</subfield>
</datafield>
<datafield tag="OWN" ind1=" " ind2=" ">
<subfield code="a">GENERAL</subfield>
</datafield>
<datafield tag="AVA" ind1=" " ind2=" ">
<subfield code="a">NYU50</subfield>
<subfield code="b">NISAW</subfield>
<subfield code="c">Large Collection</subfield>
<subfield code="d">PJ4054.N5 S78 2018</subfield>
<subfield code="e">unavailable</subfield>
<subfield code="t">Unavailable</subfield>
<subfield code="f">1</subfield>
<subfield code="g">1</subfield>
<subfield code="h">N</subfield>
<subfield code="i">0</subfield>
<subfield code="j">LARGE</subfield>
<subfield code="k">0</subfield>
</datafield>
</record>