<record xmlns="http://www.loc.gov/MARC21/slim" xmlns:xsi="http://www.w3.org/2001/XMLSchema-instance" xsi:schemaLocation="http://www.loc.gov/MARC21/slim http://www.loc.gov/standards/marcxml/schema/MARC21slim.xsd">
<leader>00000cam a22     Ii 4500</leader>
<controlfield tag="FMT">BK</controlfield>
<controlfield tag="LDR">00000cam a22     Ii 4500</controlfield>
<controlfield tag="001">006254227</controlfield>
<controlfield tag="005">20180723163511.0</controlfield>
<controlfield tag="008">180723t20172017be a     b    000 0 eng d</controlfield>
<datafield tag="020" ind1=" " ind2=" ">
<subfield code="a">2503575501</subfield>
<subfield code="q">(paperback)</subfield>
</datafield>
<datafield tag="020" ind1=" " ind2=" ">
<subfield code="a">9782503575506</subfield>
<subfield code="q">(paperback)</subfield>
</datafield>
<datafield tag="024" ind1="3" ind2=" ">
<subfield code="a">9782503575506</subfield>
</datafield>
<datafield tag="035" ind1=" " ind2=" ">
<subfield code="a">(OCoLC)984591214</subfield>
<subfield code="z">(OCoLC)983824871</subfield>
<subfield code="z">(OCoLC)983876256</subfield>
<subfield code="z">(OCoLC)984270396</subfield>
<subfield code="z">(OCoLC)985292475</subfield>
<subfield code="z">(OCoLC)985405020</subfield>
<subfield code="z">(OCoLC)985496697</subfield>
<subfield code="z">(OCoLC)985693701</subfield>
<subfield code="z">(OCoLC)985910886</subfield>
<subfield code="z">(OCoLC)986162418</subfield>
<subfield code="z">(OCoLC)986319256</subfield>
<subfield code="z">(OCoLC)1032033757</subfield>
</datafield>
<datafield tag="040" ind1=" " ind2=" ">
<subfield code="a">YDX</subfield>
<subfield code="b">eng</subfield>
<subfield code="e">rda</subfield>
<subfield code="c">YDX</subfield>
<subfield code="d">BTCTA</subfield>
<subfield code="d">ERASA</subfield>
<subfield code="d">UAB</subfield>
<subfield code="d">OHX</subfield>
<subfield code="d">L2U</subfield>
<subfield code="d">OCLCF</subfield>
<subfield code="d">NNU</subfield>
</datafield>
<datafield tag="043" ind1=" " ind2=" ">
<subfield code="a">a-ir---</subfield>
</datafield>
<datafield tag="050" ind1=" " ind2="4">
<subfield code="a">PK6185.P3</subfield>
<subfield code="b">L48 2017</subfield>
</datafield>
<datafield tag="072" ind1=" " ind2="7">
<subfield code="a">PK</subfield>
<subfield code="2">lcco</subfield>
</datafield>
<datafield tag="072" ind1=" " ind2="7">
<subfield code="a">BT</subfield>
<subfield code="2">lcco</subfield>
</datafield>
<datafield tag="082" ind1="0" ind2="4">
<subfield code="a">200</subfield>
</datafield>
<datafield tag="100" ind1="1" ind2=" ">
<subfield code="a">Leurini, Claudia,</subfield>
<subfield code="e">author.</subfield>
</datafield>
<datafield tag="245" ind1="1" ind2="0">
<subfield code="a">Hymns in honour of the hierarchy and community, installation hymns and hymns in honour of church leaders and patrons :</subfield>
<subfield code="b">Middle Persian and Parthian hymns in the Berlin Turfan Collection /</subfield>
<subfield code="c">Claudia Leurini.</subfield>
</datafield>
<datafield tag="246" ind1="3" ind2=" ">
<subfield code="a">Hymns in honor of the hierarchy and community, installation hymns and hymns in honor of church leaders and patrons</subfield>
</datafield>
<datafield tag="246" ind1="3" ind2="0">
<subfield code="a">Middle Persian and Parthian hymns in the Berlin Turfan Collection</subfield>
</datafield>
<datafield tag="264" ind1=" " ind2="1">
<subfield code="a">Turnhout, Belgium :</subfield>
<subfield code="b">Brepols,</subfield>
<subfield code="c">[2017]</subfield>
</datafield>
<datafield tag="264" ind1=" " ind2="4">
<subfield code="c">&#169;2017</subfield>
</datafield>
<datafield tag="300" ind1=" " ind2=" ">
<subfield code="a">211 pages :</subfield>
<subfield code="b">color illustrations ;</subfield>
<subfield code="c">30 cm.</subfield>
</datafield>
<datafield tag="336" ind1=" " ind2=" ">
<subfield code="a">text</subfield>
<subfield code="b">txt</subfield>
<subfield code="2">rdacontent</subfield>
</datafield>
<datafield tag="337" ind1=" " ind2=" ">
<subfield code="a">unmediated</subfield>
<subfield code="b">n</subfield>
<subfield code="2">rdamedia</subfield>
</datafield>
<datafield tag="338" ind1=" " ind2=" ">
<subfield code="a">volume</subfield>
<subfield code="b">nc</subfield>
<subfield code="2">rdacarrier</subfield>
</datafield>
<datafield tag="490" ind1="1" ind2=" ">
<subfield code="a">Berliner Turfantexte ;</subfield>
<subfield code="v">XL</subfield>
</datafield>
<datafield tag="504" ind1=" " ind2=" ">
<subfield code="a">Includes bibliographical references (pages 199-211).</subfield>
</datafield>
<datafield tag="520" ind1="8" ind2=" ">
<subfield code="a">This volume presents texts in the Iranian languages, Middle Persian and Parthian, preserved in the Berlin Turfan Collection. These hymns are predominantly in Middle Persian. They were identified by M. Boyce in the registers of her Catalogue of the Iranian Manuscripts in Manichaean Scripts in the German Turfan Collection as "Hymns in Honour of the Hierarchy" and "Installation Hymns, Hymns in Honour of Church Leaders and Patrons". Few of the fragments have been published, and mainly in editions dating back to the time of their discovery. New and updated readings, transliterations, translations into English, notes and commentaries are provided here for all the fragments identified by Boyce. The Introduction provides a description of the main features of the hymns to the Manichaean elect hierarchy, to the local hierarchies, and to the hierarchies of the Hearers, as well as of the installation hymns, and those in honour of high clerics and lay patrons. Reflections are provided on the use of cryptography in the Manichaean texts in Manichaean script, and about the learning habits inside scriptoria in Manichaean monasteries in Central Asia, the existence of which has long been suspected. The volume contains a complete glossary and bibliography, as well as facsimiles of joined fragments. This work may interest: Scholars and students of Manichaeism, of Iranian languages, literatures, and religions, of comparative religions, and of Central Asian history and cultures.</subfield>
</datafield>
<datafield tag="600" ind1="1" ind2="0">
<subfield code="a">Boyce, Mary.</subfield>
<subfield code="t">Manichaean hymn-cycles in Parthian.</subfield>
</datafield>
<datafield tag="650" ind1=" " ind2="0">
<subfield code="a">Manichaeism</subfield>
<subfield code="v">Hymns.</subfield>
</datafield>
<datafield tag="650" ind1=" " ind2="0">
<subfield code="a">Hymns</subfield>
<subfield code="z">Iran.</subfield>
</datafield>
<datafield tag="650" ind1=" " ind2="0">
<subfield code="a">Parthian language</subfield>
<subfield code="v">Texts.</subfield>
</datafield>
<datafield tag="650" ind1=" " ind2="0">
<subfield code="a">Pahlavi language</subfield>
<subfield code="v">Texts.</subfield>
</datafield>
<datafield tag="650" ind1=" " ind2="7">
<subfield code="a">18.66 Iranian languages.</subfield>
<subfield code="0">(NL-LeOCL)169928810</subfield>
<subfield code="2">nbc</subfield>
</datafield>
<datafield tag="650" ind1=" " ind2="7">
<subfield code="a">Hymns.</subfield>
<subfield code="2">fast</subfield>
<subfield code="0">(OCoLC)fst00965486</subfield>
</datafield>
<datafield tag="650" ind1=" " ind2="7">
<subfield code="a">Manichaeism.</subfield>
<subfield code="2">fast</subfield>
<subfield code="0">(OCoLC)fst01007716</subfield>
</datafield>
<datafield tag="650" ind1=" " ind2="7">
<subfield code="a">Pahlavi language.</subfield>
<subfield code="2">fast</subfield>
<subfield code="0">(OCoLC)fst01050368</subfield>
</datafield>
<datafield tag="650" ind1=" " ind2="7">
<subfield code="a">Parthian language.</subfield>
<subfield code="2">fast</subfield>
<subfield code="0">(OCoLC)fst01054013</subfield>
</datafield>
<datafield tag="651" ind1=" " ind2="7">
<subfield code="a">Iran.</subfield>
<subfield code="2">fast</subfield>
<subfield code="0">(OCoLC)fst01204889</subfield>
</datafield>
<datafield tag="655" ind1=" " ind2="7">
<subfield code="a">Hymns.</subfield>
<subfield code="2">fast</subfield>
<subfield code="0">(OCoLC)fst01423701</subfield>
</datafield>
<datafield tag="655" ind1=" " ind2="7">
<subfield code="a">Texts.</subfield>
<subfield code="2">fast</subfield>
<subfield code="0">(OCoLC)fst01423705</subfield>
</datafield>
<datafield tag="710" ind1="2" ind2=" ">
<subfield code="a">Turfansammlung,</subfield>
<subfield code="e">collector</subfield>
</datafield>
<datafield tag="830" ind1=" " ind2="0">
<subfield code="a">Berliner Turfantexte ;</subfield>
<subfield code="v">40.</subfield>
</datafield>
<datafield tag="OWN" ind1=" " ind2=" ">
<subfield code="a">GENERAL</subfield>
</datafield>
<datafield tag="AVA" ind1=" " ind2=" ">
<subfield code="a">NYU50</subfield>
<subfield code="b">NISAW</subfield>
<subfield code="c">Large Collection</subfield>
<subfield code="d">PK6185.P3 L48 2017</subfield>
<subfield code="e">unavailable</subfield>
<subfield code="t">Unavailable</subfield>
<subfield code="f">1</subfield>
<subfield code="g">1</subfield>
<subfield code="h">N</subfield>
<subfield code="i">0</subfield>
<subfield code="j">LARGE</subfield>
<subfield code="k">0</subfield>
</datafield>
</record>