<record xmlns="http://www.loc.gov/MARC21/slim" xmlns:xsi="http://www.w3.org/2001/XMLSchema-instance" xsi:schemaLocation="http://www.loc.gov/MARC21/slim http://www.loc.gov/standards/marcxml/schema/MARC21slim.xsd">
<leader>00000cam a22      i 4500</leader>
<controlfield tag="FMT">BK</controlfield>
<controlfield tag="LDR">00000cam a22      i 4500</controlfield>
<controlfield tag="001">006251519</controlfield>
<controlfield tag="005">20180720155452.0</controlfield>
<controlfield tag="008">180717m19789999gw ab    b    001 0 eng</controlfield>
<datafield tag="010" ind1=" " ind2=" ">
<subfield code="a">   79322494</subfield>
</datafield>
<datafield tag="015" ind1=" " ind2=" ">
<subfield code="a">GFR78-A</subfield>
<subfield code="q">(v. 1)</subfield>
</datafield>
<datafield tag="015" ind1=" " ind2=" ">
<subfield code="a">83,A38,0056</subfield>
<subfield code="2">dnb</subfield>
</datafield>
<datafield tag="016" ind1="7" ind2=" ">
<subfield code="a">550832130</subfield>
<subfield code="2">DE-101</subfield>
</datafield>
<datafield tag="020" ind1=" " ind2=" ">
<subfield code="a">3882260181</subfield>
<subfield code="q">(v. 1)</subfield>
</datafield>
<datafield tag="020" ind1=" " ind2=" ">
<subfield code="a">9783882260182</subfield>
<subfield code="q">(v. 1)</subfield>
</datafield>
<datafield tag="035" ind1=" " ind2=" ">
<subfield code="a">(OCoLC)5808160</subfield>
</datafield>
<datafield tag="040" ind1=" " ind2=" ">
<subfield code="a">DLC</subfield>
<subfield code="b">eng</subfield>
<subfield code="c">DLC</subfield>
<subfield code="d">OCLCQ</subfield>
<subfield code="d">NLGGC</subfield>
<subfield code="d">BTCTA</subfield>
<subfield code="d">HLS</subfield>
<subfield code="d">OCLCG</subfield>
<subfield code="d">HEBIS</subfield>
<subfield code="d">GEBAY</subfield>
<subfield code="d">OCLCQ</subfield>
<subfield code="d">OCLCO</subfield>
<subfield code="d">OCLCQ</subfield>
<subfield code="d">OCLCF</subfield>
<subfield code="d">OCLCO</subfield>
<subfield code="d">ZYU</subfield>
</datafield>
<datafield tag="043" ind1=" " ind2=" ">
<subfield code="a">a-iq---</subfield>
</datafield>
<datafield tag="050" ind1=" " ind2="4">
<subfield code="a">PK6193</subfield>
<subfield code="b">.H85 1978</subfield>
</datafield>
<datafield tag="050" ind1="0" ind2="0">
<subfield code="a">PK6193</subfield>
<subfield code="b">.H85</subfield>
</datafield>
<datafield tag="082" ind1="0" ind2="0">
<subfield code="a">939/.4</subfield>
</datafield>
<datafield tag="084" ind1=" " ind2=" ">
<subfield code="a">18.66</subfield>
<subfield code="2">bcl</subfield>
</datafield>
<datafield tag="100" ind1="1" ind2=" ">
<subfield code="a">Humbach, Helmut,</subfield>
<subfield code="d">1921-</subfield>
</datafield>
<datafield tag="245" ind1="1" ind2="4">
<subfield code="a">The Sassanian inscription of Paikuli /</subfield>
<subfield code="c">Helmut Humbach and Prods O. Skj&#230;rv&#248;.</subfield>
</datafield>
<datafield tag="260" ind1=" " ind2=" ">
<subfield code="a">Wiesbaden :</subfield>
<subfield code="b">Reichert,</subfield>
<subfield code="c">1978-&lt;1983&gt;</subfield>
</datafield>
<datafield tag="300" ind1=" " ind2=" ">
<subfield code="a">0</subfield>
<subfield code="b">illustrations, map ;</subfield>
<subfield code="c">24 cm</subfield>
</datafield>
<datafield tag="336" ind1=" " ind2=" ">
<subfield code="a">text</subfield>
<subfield code="b">txt</subfield>
<subfield code="2">rdacontent</subfield>
</datafield>
<datafield tag="337" ind1=" " ind2=" ">
<subfield code="a">unmediated</subfield>
<subfield code="b">n</subfield>
<subfield code="2">rdamedia</subfield>
</datafield>
<datafield tag="338" ind1=" " ind2=" ">
<subfield code="a">volume</subfield>
<subfield code="b">nc</subfield>
<subfield code="2">rdacarrier</subfield>
</datafield>
<datafield tag="504" ind1=" " ind2=" ">
<subfield code="a">Includes bibliographical references and indexes.</subfield>
</datafield>
<datafield tag="505" ind1="0" ind2=" ">
<subfield code="a">pt. 1. Humbach, H. Supplement to Herzfeld's Paikuli.--pt. 2. Synoptic tables.--pt. 3.1. Skj&#230;rv&#248;, Prods O. Restored text and translation.--pt. 3.2. Skj&#230;rv&#248;, Prods O. Commentary.</subfield>
</datafield>
<datafield tag="530" ind1=" " ind2=" ">
<subfield code="a">Also issued online.</subfield>
</datafield>
<datafield tag="500" ind1=" " ind2=" ">
<subfield code="a">ISAW copy is from the library of Nina Garso&#239;an.</subfield>
<subfield code="5">NyNyUAW</subfield>
</datafield>
<datafield tag="650" ind1=" " ind2="0">
<subfield code="a">Inscriptions, Pahlavi</subfield>
<subfield code="z">Iraq</subfield>
<subfield code="z">Paikuli.</subfield>
</datafield>
<datafield tag="650" ind1=" " ind2="0">
<subfield code="a">Inscriptions, Parthian</subfield>
<subfield code="z">Iraq</subfield>
<subfield code="z">Paikuli.</subfield>
</datafield>
<datafield tag="651" ind1=" " ind2="0">
<subfield code="a">Paikuli (Iraq)</subfield>
<subfield code="x">Antiquities.</subfield>
</datafield>
<datafield tag="651" ind1=" " ind2="7">
<subfield code="a">Paikuli.</subfield>
<subfield code="2">pleiades</subfield>
<subfield code="0">https://pleiades.stoa.org/places/894058</subfield>
</datafield>
<datafield tag="650" ind1=" " ind2="7">
<subfield code="a">Inschrift</subfield>
<subfield code="2">gnd</subfield>
<subfield code="0">(DE-588)4027107-9</subfield>
</datafield>
<datafield tag="651" ind1=" " ind2="7">
<subfield code="a">Paikuli</subfield>
<subfield code="2">gnd</subfield>
<subfield code="0">(DE-588)4044347-4</subfield>
</datafield>
<datafield tag="651" ind1=" " ind2="7">
<subfield code="a">Mittelpersisch.</subfield>
<subfield code="2">swd</subfield>
</datafield>
<datafield tag="650" ind1=" " ind2="7">
<subfield code="a">Antiquities.</subfield>
<subfield code="2">fast</subfield>
<subfield code="0">(OCoLC)fst00810745</subfield>
</datafield>
<datafield tag="650" ind1=" " ind2="7">
<subfield code="a">Inscriptions, Pahlavi.</subfield>
<subfield code="2">fast</subfield>
<subfield code="0">(OCoLC)fst00973933</subfield>
</datafield>
<datafield tag="650" ind1=" " ind2="7">
<subfield code="a">Inscriptions, Parthian.</subfield>
<subfield code="2">fast</subfield>
<subfield code="0">(OCoLC)fst00973934</subfield>
</datafield>
<datafield tag="700" ind1="1" ind2=" ">
<subfield code="a">Skj&#230;rv&#248;, Prods O.,</subfield>
<subfield code="e">author.</subfield>
</datafield>
<datafield tag="700" ind1="1" ind2=" ">
<subfield code="a">Herzfeld, Ernst,</subfield>
<subfield code="d">1879-1948.</subfield>
<subfield code="t">Paikuli, monument and inscription of the early history of the Sassanian empire.</subfield>
</datafield>
<datafield tag="700" ind1="1" ind2=" ">
<subfield code="a">Garso&#239;an, Nina G.,</subfield>
<subfield code="d">1923-</subfield>
<subfield code="e">former owner.</subfield>
<subfield code="5">NyNyUAW</subfield>
</datafield>
<datafield tag="740" ind1="0" ind2=" ">
<subfield code="a">Garso&#239;an Collection.</subfield>
<subfield code="5">NyNyUAW</subfield>
</datafield>
<datafield tag="776" ind1="0" ind2="8">
<subfield code="i">Online version:</subfield>
<subfield code="a">Humbach, Helmut, 1921-</subfield>
<subfield code="t">Sassanian inscription of Paikuli.</subfield>
<subfield code="b">1. Aufl.</subfield>
<subfield code="d">Wiesbaden : Reichert, 1978-&lt;1983&gt;</subfield>
<subfield code="w">(OCoLC)570036912</subfield>
</datafield>
<datafield tag="OWN" ind1=" " ind2=" ">
<subfield code="a">GENERAL</subfield>
</datafield>
<datafield tag="AVA" ind1=" " ind2=" ">
<subfield code="a">NYU50</subfield>
<subfield code="b">NISAW</subfield>
<subfield code="c">Large Collection</subfield>
<subfield code="d">PK6193 .H85 1978</subfield>
<subfield code="e">available</subfield>
<subfield code="t">Available</subfield>
<subfield code="f">4</subfield>
<subfield code="g">0</subfield>
<subfield code="h">Y</subfield>
<subfield code="i">0</subfield>
<subfield code="j">LARGE</subfield>
<subfield code="k">0</subfield>
</datafield>
</record>