<record xmlns="http://www.loc.gov/MARC21/slim" xmlns:xsi="http://www.w3.org/2001/XMLSchema-instance" xsi:schemaLocation="http://www.loc.gov/MARC21/slim http://www.loc.gov/standards/marcxml/schema/MARC21slim.xsd">
<leader>00000cam a22        4500</leader>
<controlfield tag="FMT">BK</controlfield>
<controlfield tag="LDR">00000cam a22        4500</controlfield>
<controlfield tag="001">006251537</controlfield>
<controlfield tag="005">20180720155658.0</controlfield>
<controlfield tag="008">180717s1964    fr            000 0 fre</controlfield>
<datafield tag="010" ind1=" " ind2=" ">
<subfield code="a">   67055402</subfield>
</datafield>
<datafield tag="035" ind1=" " ind2=" ">
<subfield code="a">(OCoLC)4320903</subfield>
</datafield>
<datafield tag="040" ind1=" " ind2=" ">
<subfield code="a">DLC</subfield>
<subfield code="b">eng</subfield>
<subfield code="c">DLC</subfield>
<subfield code="d">OUN</subfield>
<subfield code="d">NLGGC</subfield>
<subfield code="d">GZM</subfield>
<subfield code="d">OCLCQ</subfield>
<subfield code="d">OCLCO</subfield>
<subfield code="d">OCLCQ</subfield>
<subfield code="d">ZYU</subfield>
</datafield>
<datafield tag="041" ind1="1" ind2=" ">
<subfield code="a">fre</subfield>
<subfield code="h">geo</subfield>
</datafield>
<datafield tag="042" ind1=" " ind2=" ">
<subfield code="a">premarc</subfield>
</datafield>
<datafield tag="050" ind1=" " ind2="4">
<subfield code="a">PK9169.R8</subfield>
<subfield code="b">V414 1964</subfield>
</datafield>
<datafield tag="050" ind1="0" ind2="0">
<subfield code="a">PK9169.R8</subfield>
<subfield code="b">F7 1964</subfield>
</datafield>
<datafield tag="100" ind1="1" ind2=" ">
<subfield code="6">880-01</subfield>
<subfield code="a">Rustaveli, Shota,</subfield>
<subfield code="d">active 12th century-13th century.</subfield>
</datafield>
<datafield tag="240" ind1="1" ind2="0">
<subfield code="a">Vep&#699;xistqaosani.</subfield>
<subfield code="l">French</subfield>
</datafield>
<datafield tag="245" ind1="1" ind2="3">
<subfield code="a">Le chevalier a&#768; la peau de tigre</subfield>
<subfield code="c">[par] Chota Roustave&#769;li. Traduit du ge&#769;orgien avec une introd. et des notes par Serge Tsouladze&#769;.</subfield>
</datafield>
<datafield tag="260" ind1=" " ind2=" ">
<subfield code="a">[Paris]</subfield>
<subfield code="b">Gallimard</subfield>
<subfield code="c">[1964]</subfield>
</datafield>
<datafield tag="300" ind1=" " ind2=" ">
<subfield code="a">272 pages</subfield>
<subfield code="c">23 cm.</subfield>
</datafield>
<datafield tag="336" ind1=" " ind2=" ">
<subfield code="a">text</subfield>
<subfield code="b">txt</subfield>
<subfield code="2">rdacontent</subfield>
</datafield>
<datafield tag="337" ind1=" " ind2=" ">
<subfield code="a">unmediated</subfield>
<subfield code="b">n</subfield>
<subfield code="2">rdamedia</subfield>
</datafield>
<datafield tag="338" ind1=" " ind2=" ">
<subfield code="a">volume</subfield>
<subfield code="b">nc</subfield>
<subfield code="2">rdacarrier</subfield>
</datafield>
<datafield tag="490" ind1="1" ind2=" ">
<subfield code="a">Collection Caucase</subfield>
</datafield>
<datafield tag="546" ind1=" " ind2=" ">
<subfield code="a">French translation of Georgian.</subfield>
</datafield>
<datafield tag="500" ind1=" " ind2=" ">
<subfield code="a">Collection UNESCO d'oeuvres repre&#769;sentatives. Se&#769;rie ge&#769;orgienne.</subfield>
</datafield>
<datafield tag="500" ind1=" " ind2=" ">
<subfield code="a">ISAW copy is from the library of Nina Garso&#239;an.</subfield>
<subfield code="5">NyNyUAW</subfield>
</datafield>
<datafield tag="600" ind1="1" ind2="0">
<subfield code="a">Rustaveli, Shota,</subfield>
<subfield code="d">active 12th century-13th century.</subfield>
<subfield code="t">Vep&#699;xistqaosani</subfield>
<subfield code="v">Translations into English.</subfield>
</datafield>
<datafield tag="650" ind1=" " ind2="0">
<subfield code="a">Epic literature, Georgian</subfield>
<subfield code="v">Translations into French.</subfield>
</datafield>
<datafield tag="700" ind1="1" ind2=" ">
<subfield code="a">Cula&#380;e, Sergi.</subfield>
</datafield>
<datafield tag="700" ind1="1" ind2=" ">
<subfield code="a">Garso&#239;an, Nina G.,</subfield>
<subfield code="d">1923-</subfield>
<subfield code="e">former owner.</subfield>
<subfield code="5">NyNyUAW</subfield>
</datafield>
<datafield tag="740" ind1="0" ind2=" ">
<subfield code="a">Garso&#239;an Collection.</subfield>
<subfield code="5">NyNyUAW</subfield>
</datafield>
<datafield tag="880" ind1="1" ind2=" ">
<subfield code="6">100-01/</subfield>
<subfield code="a">&#1056;&#1091;&#1089;&#1090;&#1072;&#1074;&#1077;&#1083;&#1080;, &#1064;&#1086;&#1090;&#1072;,</subfield>
<subfield code="d">active 12th century-13th century.</subfield>
</datafield>
<datafield tag="830" ind1=" " ind2="0">
<subfield code="a">Collection Caucase.</subfield>
</datafield>
<datafield tag="OWN" ind1=" " ind2=" ">
<subfield code="a">GENERAL</subfield>
</datafield>
<datafield tag="AVA" ind1=" " ind2=" ">
<subfield code="a">NYU50</subfield>
<subfield code="b">NISAW</subfield>
<subfield code="c">Small Collection</subfield>
<subfield code="d">PK9169.R8 V414 1964</subfield>
<subfield code="e">unavailable</subfield>
<subfield code="t">Unavailable</subfield>
<subfield code="f">1</subfield>
<subfield code="g">1</subfield>
<subfield code="h">N</subfield>
<subfield code="i">0</subfield>
<subfield code="j">SMALL</subfield>
<subfield code="k">0</subfield>
</datafield>
</record>