<record xmlns="http://www.loc.gov/MARC21/slim" xmlns:xsi="http://www.w3.org/2001/XMLSchema-instance" xsi:schemaLocation="http://www.loc.gov/MARC21/slim http://www.loc.gov/standards/marcxml/schema/MARC21slim.xsd">
<leader>00000cas a2200685 a 4500</leader>
<controlfield tag="FMT">SE</controlfield>
<controlfield tag="LDR">00000cas a2200685 a 4500</controlfield>
<controlfield tag="001">003750822</controlfield>
<controlfield tag="003">OCoLC</controlfield>
<controlfield tag="005">20130516143153.0</controlfield>
<controlfield tag="008">130516c19519999ru ar|        0   c0ruso</controlfield>
<datafield tag="010" ind1=" " ind2=" ">
<subfield code="a">68050326</subfield>
</datafield>
<datafield tag="035" ind1=" " ind2=" ">
<subfield code="a">(OCoLC)5194651</subfield>
<subfield code="z">(OCoLC)2139313</subfield>
</datafield>
<datafield tag="040" ind1=" " ind2=" ">
<subfield code="a">DLC</subfield>
<subfield code="b">eng</subfield>
<subfield code="c">IUL</subfield>
<subfield code="d">IUL</subfield>
<subfield code="d">DLC</subfield>
<subfield code="d">OCL</subfield>
<subfield code="d">NST</subfield>
<subfield code="d">DLC</subfield>
<subfield code="d">NST</subfield>
<subfield code="d">CRL</subfield>
<subfield code="d">HLS</subfield>
<subfield code="d">OCLCQ</subfield>
<subfield code="d">IUL</subfield>
<subfield code="d">CRL</subfield>
<subfield code="d">CLU</subfield>
<subfield code="d">OCLCA</subfield>
<subfield code="d">CRL</subfield>
<subfield code="d">OCLCQ</subfield>
<subfield code="d">NNU</subfield>
</datafield>
<datafield tag="042" ind1=" " ind2=" ">
<subfield code="a">pcc</subfield>
</datafield>
<datafield tag="050" ind1="0" ind2="0">
<subfield code="a">PL21</subfield>
<subfield code="b">.A454</subfield>
</datafield>
<datafield tag="066" ind1=" " ind2=" ">
<subfield code="c">(N</subfield>
</datafield>
<datafield tag="079" ind1=" " ind2=" ">
<subfield code="a">(OCoLC)5194651</subfield>
</datafield>
<datafield tag="245" ind1="0" ind2="0">
<subfield code="6">880-01</subfield>
<subfield code="a">Ti&#865;urkologicheski&#301; sbornik /</subfield>
<subfield code="c">Akademii&#865;a nauk SSSR, Otdelenie literatury i i&#865;azyka.</subfield>
</datafield>
<datafield tag="260" ind1=" " ind2=" ">
<subfield code="6">880-02</subfield>
<subfield code="a">Moskva :</subfield>
<subfield code="b">Izd-vo Akademii nauk SSSR,</subfield>
<subfield code="c">1951-</subfield>
</datafield>
<datafield tag="300" ind1=" " ind2=" ">
<subfield code="a">v. :</subfield>
<subfield code="b">ill. ;</subfield>
<subfield code="c">22-26 cm.</subfield>
</datafield>
<datafield tag="310" ind1=" " ind2=" ">
<subfield code="a">Annual,</subfield>
<subfield code="b">1970-</subfield>
</datafield>
<datafield tag="321" ind1=" " ind2=" ">
<subfield code="a">Irregular,</subfield>
<subfield code="b">1951-1966</subfield>
</datafield>
<datafield tag="362" ind1="0" ind2=" ">
<subfield code="a">1-</subfield>
</datafield>
<datafield tag="500" ind1=" " ind2=" ">
<subfield code="6">880-03</subfield>
<subfield code="a">Publisher: Izd-vo "Nauka," Glav. red. vostochno&#301; lit-ry, 1966-</subfield>
</datafield>
<datafield tag="500" ind1=" " ind2=" ">
<subfield code="a">Publication suspended after vol. for 1979 (published 1985); resumed with vol. for 2001 (published 2002).</subfield>
</datafield>
<datafield tag="515" ind1=" " ind2=" ">
<subfield code="a">Vol. numbering discontinued after v. 1; v. for [1966] lacks designation.</subfield>
</datafield>
<datafield tag="530" ind1=" " ind2=" ">
<subfield code="a">Also issued online.</subfield>
</datafield>
<datafield tag="550" ind1=" " ind2=" ">
<subfield code="6">880-04</subfield>
<subfield code="a">Issued by: Akademii&#865;a nauk SSSR, Institut narodov Azii, 1966; the Academy's Institut vostokovedenii&#865;a, 1970-1979; Rossi&#301;skai&#865;a akademii&#865;a nauk, Sankt-Peterburgski&#301; filial Instituta vostokovedenii&#865;a, 2001- ; Rossi&#301;skai&#865;a akademii&#865;a nauk, Institut vostochnykh rukopise&#301;, &lt;2009-&gt;</subfield>
</datafield>
<datafield tag="588" ind1=" " ind2=" ">
<subfield code="a">Latest issue consulted: 2009/2010.</subfield>
</datafield>
<datafield tag="650" ind1=" " ind2="0">
<subfield code="a">Turkic philology</subfield>
<subfield code="v">Periodicals.</subfield>
</datafield>
<datafield tag="650" ind1=" " ind2="0">
<subfield code="a">Turks</subfield>
<subfield code="x">History</subfield>
<subfield code="v">Periodicals.</subfield>
</datafield>
<datafield tag="650" ind1=" " ind2="0">
<subfield code="a">Turkish antiquities</subfield>
<subfield code="v">Periodicals.</subfield>
</datafield>
<datafield tag="710" ind1="2" ind2=" ">
<subfield code="6">880-05</subfield>
<subfield code="a">Akademii&#865;a nauk SSSR.</subfield>
<subfield code="b">Otdelenie literatury i i&#865;azyka.</subfield>
</datafield>
<datafield tag="710" ind1="2" ind2=" ">
<subfield code="6">880-06</subfield>
<subfield code="a">Institut vostokovedenii&#65056;a&#65057; (Rossi&#301;skai&#65056;a&#65057; akademii&#65056;a&#65057; nauk).</subfield>
<subfield code="b">Sankt-Peterburgski&#301; filial.</subfield>
</datafield>
<datafield tag="710" ind1="2" ind2=" ">
<subfield code="6">880-07</subfield>
<subfield code="a">Institut narodov Azii (Akademii&#865;a nauk SSSR)</subfield>
</datafield>
<datafield tag="710" ind1="2" ind2=" ">
<subfield code="6">880-08</subfield>
<subfield code="a">Institut vostokovedenii&#865;a (Akademii&#865;a nauk SSSR)</subfield>
</datafield>
<datafield tag="710" ind1="2" ind2=" ">
<subfield code="6">880-09</subfield>
<subfield code="a">Institut vostochnykh rukopise&#301; (Rossi&#301;skai&#865;a akademii&#865;a nauk)</subfield>
</datafield>
<datafield tag="776" ind1="1" ind2="8">
<subfield code="i">Online version:</subfield>
<subfield code="t">Ti&#865;urkologicheski&#301; sbornik</subfield>
<subfield code="w">(OCoLC)563827409</subfield>
</datafield>
<datafield tag="880" ind1="0" ind2="0">
<subfield code="6">245-01/</subfield>
<subfield code="a">&#1058;&#1102;&#1088;&#1082;&#1086;&#1083;&#1086;&#1075;&#1080;&#1095;&#1077;&#1089;&#1082;&#1080;&#1081; &#1089;&#1073;&#1086;&#1088;&#1085;&#1080;&#1082; /</subfield>
<subfield code="c">&#1040;&#1082;&#1072;&#1076;&#1077;&#1084;&#1080;&#1103; &#1085;&#1072;&#1091;&#1082; &#1057;&#1057;&#1057;&#1056;, &#1054;&#1090;&#1076;&#1077;&#1083;&#1077;&#1085;&#1080;&#1077; &#1083;&#1080;&#1090;&#1077;&#1088;&#1072;&#1090;&#1091;&#1088;&#1099; &#1080; &#1103;&#1079;&#1099;&#1082;&#1072;.</subfield>
</datafield>
<datafield tag="880" ind1=" " ind2=" ">
<subfield code="6">260-02/</subfield>
<subfield code="a">&#1052;&#1086;&#1089;&#1082;&#1074;&#1072; :</subfield>
<subfield code="b">&#1048;&#1079;&#1076;-&#1074;&#1086; &#1040;&#1082;&#1072;&#1076;&#1077;&#1084;&#1080;&#1080; &#1085;&#1072;&#1091;&#1082; &#1057;&#1057;&#1057;&#1056;,</subfield>
<subfield code="c">1951-</subfield>
</datafield>
<datafield tag="880" ind1=" " ind2=" ">
<subfield code="6">500-03/</subfield>
<subfield code="a">Publisher: &#1048;&#1079;&#1076;-&#1074;&#1086; "&#1053;&#1072;&#1091;&#1082;&#1072;," &#1043;&#1083;&#1072;&#1074;. &#1088;&#1077;&#1076;. &#1074;&#1086;&#1089;&#1090;&#1086;&#1095;&#1085;&#1086;&#1081; &#1083;&#1080;&#1090;-&#1088;&#1099;, 1966-</subfield>
</datafield>
<datafield tag="880" ind1=" " ind2=" ">
<subfield code="6">550-04/</subfield>
<subfield code="a">Issued by: &#1040;&#1082;&#1072;&#1076;&#1077;&#1084;&#1080;&#1103; &#1085;&#1072;&#1091;&#1082; &#1057;&#1057;&#1057;&#1056;, &#1048;&#1085;&#1089;&#1090;&#1080;&#1090;&#1091;&#1090; &#1085;&#1072;&#1088;&#1086;&#1076;&#1086;&#1074; &#1040;&#1079;&#1080;&#1080;, 1966; the Academy's &#1048;&#1085;&#1089;&#1090;&#1080;&#1090;&#1091;&#1090; &#1074;&#1086;&#1089;&#1090;&#1086;&#1082;&#1086;&#1074;&#1077;&#1076;&#1077;&#1085;&#1080;&#1103;, 1970-1979; &#1056;&#1086;&#1089;&#1089;&#1080;&#1081;&#1089;&#1082;&#1072;&#1103; &#1072;&#1082;&#1072;&#1076;&#1077;&#1084;&#1080;&#1103; &#1085;&#1072;&#1091;&#1082;, &#1057;&#1072;&#1085;&#1082;&#1090;-&#1055;&#1077;&#1090;&#1077;&#1088;&#1073;&#1091;&#1088;&#1075;&#1089;&#1082;&#1080;&#1081; &#1092;&#1080;&#1083;&#1080;&#1072;&#1083; &#1048;&#1085;&#1089;&#1090;&#1080;&#1090;&#1091;&#1090;&#1072; &#1074;&#1086;&#1089;&#1090;&#1086;&#1082;&#1086;&#1074;&#1077;&#1076;&#1077;&#1085;&#1080;&#1103;, 2001- ; &#1056;&#1086;&#1089;&#1089;&#1080;&#1081;&#1089;&#1082;&#1072;&#1103; &#1072;&#1082;&#1072;&#1076;&#1077;&#1084;&#1080;&#1103; &#1085;&#1072;&#1091;&#1082;, &#1048;&#1085;&#1089;&#1090;&#1080;&#1090;&#1091;&#1090; &#1074;&#1086;&#1089;&#1090;&#1086;&#1095;&#1085;&#1099;&#1093; &#1088;&#1091;&#1082;&#1086;&#1087;&#1080;&#1089;&#1077;&#1081;, &lt;2009-&gt;</subfield>
</datafield>
<datafield tag="880" ind1="2" ind2=" ">
<subfield code="6">710-05/</subfield>
<subfield code="a">&#1040;&#1082;&#1072;&#1076;&#1077;&#1084;&#1080;&#1103; &#1085;&#1072;&#1091;&#1082; &#1057;&#1057;&#1057;&#1056;.</subfield>
<subfield code="b">&#1054;&#1090;&#1076;&#1077;&#1083;&#1077;&#1085;&#1080;&#1077; &#1083;&#1080;&#1090;&#1077;&#1088;&#1072;&#1090;&#1091;&#1088;&#1099; &#1080; &#1103;&#1079;&#1099;&#1082;&#1072;.</subfield>
</datafield>
<datafield tag="880" ind1="2" ind2=" ">
<subfield code="6">710-06/</subfield>
<subfield code="a">&#1048;&#1085;&#1089;&#1090;&#1080;&#1090;&#1091;&#1090; &#1074;&#1086;&#1089;&#1090;&#1086;&#1082;&#1086;&#1074;&#1077;&#1076;&#1077;&#1085;&#1080;&#1103; (Rossi&#301;skai&#865;a akademii&#865;a nauk).</subfield>
<subfield code="b">&#1057;&#1072;&#1085;&#1082;&#1090;-&#1055;&#1077;&#1090;&#1077;&#1088;&#1073;&#1091;&#1088;&#1075;&#1089;&#1082;&#1080;&#1081; &#1092;&#1080;&#1083;&#1080;&#1072;&#1083;.</subfield>
</datafield>
<datafield tag="880" ind1="2" ind2=" ">
<subfield code="6">710-07/</subfield>
<subfield code="a">&#1048;&#1085;&#1089;&#1090;&#1080;&#1090;&#1091;&#1090; &#1085;&#1072;&#1088;&#1086;&#1076;&#1086;&#1074; &#1040;&#1079;&#1080;&#1080; (Akademii&#865;a nauk SSSR)</subfield>
</datafield>
<datafield tag="880" ind1="2" ind2=" ">
<subfield code="6">710-08/</subfield>
<subfield code="a">&#1048;&#1085;&#1089;&#1090;&#1080;&#1090;&#1091;&#1090; &#1074;&#1086;&#1089;&#1090;&#1086;&#1082;&#1086;&#1074;&#1077;&#1076;&#1077;&#1085;&#1080;&#1103; (Akademii&#865;a nauk SSSR)</subfield>
</datafield>
<datafield tag="880" ind1="2" ind2=" ">
<subfield code="6">710-09/</subfield>
<subfield code="a">&#1048;&#1085;&#1089;&#1090;&#1080;&#1090;&#1091;&#1090; &#1074;&#1086;&#1089;&#1090;&#1086;&#1095;&#1085;&#1099;&#1093; &#1088;&#1091;&#1082;&#1086;&#1087;&#1080;&#1089;&#1077;&#1081; &#1056;&#1086;&#1089;&#1089;&#1080;&#1081;&#1089;&#1082;&#1086;&#1081; &#1072;&#1082;&#1072;&#1076;&#1077;&#1084;&#1080;&#1080; &#1085;&#1072;&#1091;&#1082;.</subfield>
</datafield>
<datafield tag="994" ind1=" " ind2=" ">
<subfield code="a">Z0</subfield>
<subfield code="b">ZYU</subfield>
</datafield>
<datafield tag="OWN" ind1=" " ind2=" ">
<subfield code="a">GENERAL</subfield>
</datafield>
<datafield tag="966" ind1=" " ind2=" ">
<subfield code="l">ISAW</subfield>
<subfield code="d">Oak PL21 .A454</subfield>
<subfield code="e">1305</subfield>
<subfield code="k">2006, 2009/2010</subfield>
</datafield>
<datafield tag="936" ind1=" " ind2=" ">
<subfield code="a">PR 145380152</subfield>
</datafield>
<datafield tag="H66" ind1=" " ind2=" ">
<subfield code="l">ISAW Oak Collection</subfield>
<subfield code="d">PL21 .A454</subfield>
<subfield code="q">NISAWOAK=ZZ</subfield>
<subfield code="e">1305</subfield>
<subfield code="k">2006, 2009/2010</subfield>
</datafield>
<datafield tag="966" ind1="4" ind2="1">
<subfield code="l">ISAW Oak Collection</subfield>
<subfield code="d">PL21 .A454</subfield>
<subfield code="e">1305</subfield>
<subfield code="k">2006, 2009/2010</subfield>
</datafield>
<datafield tag="AVA" ind1=" " ind2=" ">
<subfield code="a">NYU50</subfield>
<subfield code="b">NISAW</subfield>
<subfield code="c">Oak Collection</subfield>
<subfield code="d">PL21 .A454 Non-circulating</subfield>
<subfield code="e">available</subfield>
<subfield code="t">Available</subfield>
<subfield code="f">4</subfield>
<subfield code="g">0</subfield>
<subfield code="h">Y</subfield>
<subfield code="i">0</subfield>
<subfield code="j">OAK</subfield>
<subfield code="k">0</subfield>
</datafield>
</record>