<record xmlns="http://www.loc.gov/MARC21/slim" xmlns:xsi="http://www.w3.org/2001/XMLSchema-instance" xsi:schemaLocation="http://www.loc.gov/MARC21/slim http://www.loc.gov/standards/marcxml/schema/MARC21slim.xsd">
<leader>00000cam a2200277 a 4500</leader>
<controlfield tag="FMT">BK</controlfield>
<controlfield tag="LDR">00000cam a2200277 a 4500</controlfield>
<controlfield tag="001">001558315</controlfield>
<controlfield tag="003">NNU</controlfield>
<controlfield tag="005">20180711124257.0</controlfield>
<controlfield tag="008">980128s1996    enk      b    000 0 eng c</controlfield>
<datafield tag="015" ind1=" " ind2=" ">
<subfield code="a">GB98-77837</subfield>
</datafield>
<datafield tag="020" ind1=" " ind2=" ">
<subfield code="a">0856688037</subfield>
</datafield>
<datafield tag="035" ind1="9" ind2=" ">
<subfield code="a">NYUb12053929</subfield>
</datafield>
<datafield tag="035" ind1=" " ind2=" ">
<subfield code="a">(OCoLC)ocm38276415</subfield>
</datafield>
<datafield tag="040" ind1=" " ind2=" ">
<subfield code="a">EUW</subfield>
<subfield code="c">EUW</subfield>
<subfield code="d">OCL</subfield>
<subfield code="d">UKM</subfield>
<subfield code="d">NOC</subfield>
<subfield code="d">NNU</subfield>
</datafield>
<datafield tag="042" ind1=" " ind2=" ">
<subfield code="a">pcc</subfield>
</datafield>
<datafield tag="050" ind1=" " ind2="4">
<subfield code="a">R137</subfield>
<subfield code="b">.W35 1996</subfield>
</datafield>
<datafield tag="079" ind1=" " ind2=" ">
<subfield code="a">(OCoLC)38276415</subfield>
</datafield>
<datafield tag="082" ind1="0" ind2="4">
<subfield code="a">610.932</subfield>
<subfield code="2">21</subfield>
</datafield>
<datafield tag="100" ind1="1" ind2=" ">
<subfield code="a">Walker, James H.</subfield>
<subfield code="q">(James Harcourt),</subfield>
<subfield code="d">d. 1993.</subfield>
</datafield>
<datafield tag="245" ind1="1" ind2="0">
<subfield code="a">Studies in ancient Egyptian anatomical terminology /</subfield>
<subfield code="c">James H. Walker.</subfield>
</datafield>
<datafield tag="260" ind1=" " ind2=" ">
<subfield code="a">Warminster, Wiltshire :</subfield>
<subfield code="b">Aris and Phillips,</subfield>
<subfield code="c">c1996.</subfield>
</datafield>
<datafield tag="300" ind1=" " ind2=" ">
<subfield code="a">347</subfield>
<subfield code="c">23 cm.</subfield>
</datafield>
<datafield tag="490" ind1="1" ind2=" ">
<subfield code="a">Australian Centre for Egyptology studies ;</subfield>
<subfield code="v">4</subfield>
</datafield>
<datafield tag="502" ind1=" " ind2=" ">
<subfield code="a">Originally presented as the author's thesis (Ph. D.)--Macquarie University, 1993.</subfield>
</datafield>
<datafield tag="504" ind1=" " ind2=" ">
<subfield code="a">Includes bibliographical references (p. 343-347).</subfield>
</datafield>
<datafield tag="583" ind1="1" ind2=" ">
<subfield code="a">committed to retain</subfield>
<subfield code="c">20160630</subfield>
<subfield code="d">20310630</subfield>
<subfield code="f">EAST</subfield>
<subfield code="h">Elmer Holmes Bobst Library</subfield>
<subfield code="z">This title retained by New York University Libraries on behalf of the Eastern Academic Scholars Trust (EAST)</subfield>
<subfield code="5">NNU</subfield>
</datafield>
<datafield tag="650" ind1=" " ind2="0">
<subfield code="a">Medicine, Egyptian.</subfield>
</datafield>
<datafield tag="650" ind1=" " ind2="0">
<subfield code="a">Egyptian language</subfield>
<subfield code="x">Writing, Hieroglyphic</subfield>
<subfield code="x">Translations.</subfield>
</datafield>
<datafield tag="651" ind1=" " ind2="7">
<subfield code="a">Ancient Egypt (region)</subfield>
<subfield code="2">pleiades</subfield>
<subfield code="0">https://pleiades.stoa.org/places/981503</subfield>
<subfield code="5">NyNyUAW</subfield>
</datafield>
<datafield tag="830" ind1=" " ind2="0">
<subfield code="a">Studies (Australian Centre for Egyptology) ;</subfield>
<subfield code="v">4.</subfield>
</datafield>
<datafield tag="OWN" ind1=" " ind2=" ">
<subfield code="a">GENERAL</subfield>
</datafield>
<datafield tag="AVA" ind1=" " ind2=" ">
<subfield code="a">NYU50</subfield>
<subfield code="b">BOBST</subfield>
<subfield code="c">Main Collection</subfield>
<subfield code="d">R137 .W35 1996</subfield>
<subfield code="e">unavailable</subfield>
<subfield code="t">Unavailable</subfield>
<subfield code="f">1</subfield>
<subfield code="g">1</subfield>
<subfield code="h">N</subfield>
<subfield code="i">10</subfield>
<subfield code="j">MAIN</subfield>
<subfield code="k">0</subfield>
</datafield>
<datafield tag="AVA" ind1=" " ind2=" ">
<subfield code="a">NYU50</subfield>
<subfield code="b">NISAW</subfield>
<subfield code="c">Small Collection</subfield>
<subfield code="d">R137 .W35 1996 Non-circulating</subfield>
<subfield code="e">available</subfield>
<subfield code="t">Available</subfield>
<subfield code="f">1</subfield>
<subfield code="g">0</subfield>
<subfield code="h">N</subfield>
<subfield code="i">0</subfield>
<subfield code="j">SMALL</subfield>
<subfield code="k">0</subfield>
</datafield>
</record>