<record xmlns="http://www.loc.gov/MARC21/slim" xmlns:xsi="http://www.w3.org/2001/XMLSchema-instance" xsi:schemaLocation="http://www.loc.gov/MARC21/slim http://www.loc.gov/standards/marcxml/schema/MARC21slim.xsd">
<leader>00000cam a22      i 4500</leader>
<controlfield tag="FMT">BK</controlfield>
<controlfield tag="LDR">00000cam a22      i 4500</controlfield>
<controlfield tag="001">006249951</controlfield>
<controlfield tag="005">20180720152655.0</controlfield>
<controlfield tag="008">180716s2016    fr a     b    000 0 fre d</controlfield>
<datafield tag="010" ind1=" " ind2=" ">
<subfield code="a">  2017390387</subfield>
</datafield>
<datafield tag="020" ind1=" " ind2=" ">
<subfield code="a">9782355180552</subfield>
</datafield>
<datafield tag="020" ind1=" " ind2=" ">
<subfield code="a">2355180555</subfield>
</datafield>
<datafield tag="035" ind1=" " ind2=" ">
<subfield code="a">(OCoLC)962377470</subfield>
<subfield code="z">(OCoLC)958486724</subfield>
</datafield>
<datafield tag="040" ind1=" " ind2=" ">
<subfield code="a">IXA</subfield>
<subfield code="b">eng</subfield>
<subfield code="e">rda</subfield>
<subfield code="c">DLC</subfield>
<subfield code="d">IXA</subfield>
<subfield code="d">AUXAM</subfield>
<subfield code="d">OCLCO</subfield>
<subfield code="d">OCLCQ</subfield>
<subfield code="d">YDX</subfield>
<subfield code="d">OCLCF</subfield>
<subfield code="d">ZYU</subfield>
</datafield>
<datafield tag="041" ind1="0" ind2=" ">
<subfield code="a">fre</subfield>
<subfield code="b">fre</subfield>
<subfield code="b">eng</subfield>
</datafield>
<datafield tag="042" ind1=" " ind2=" ">
<subfield code="a">lccopycat</subfield>
</datafield>
<datafield tag="050" ind1="0" ind2="0">
<subfield code="a">TA436</subfield>
<subfield code="b">.F46 2016</subfield>
</datafield>
<datafield tag="082" ind1="0" ind2="4">
<subfield code="a">930</subfield>
</datafield>
<datafield tag="100" ind1="1" ind2=" ">
<subfield code="a">Feneuille, S.,</subfield>
<subfield code="e">author.</subfield>
</datafield>
<datafield tag="245" ind1="1" ind2="0">
<subfield code="a">Protocoles d'&#233;tude des mortiers anciens &#224; l'usage des arch&#233;ologues /</subfield>
<subfield code="c">Serge Feneuille, Jean-Pierre Letourneux, Marie Bouchar ; pr&#233;face de Vincent Rondot.</subfield>
</datafield>
<datafield tag="264" ind1=" " ind2="1">
<subfield code="a">Autun :</subfield>
<subfield code="b">&#201;ditions Mergoil,</subfield>
<subfield code="c">2016.</subfield>
</datafield>
<datafield tag="300" ind1=" " ind2=" ">
<subfield code="a">106 pages :</subfield>
<subfield code="b">illustrations (some color) ;</subfield>
<subfield code="c">21 cm</subfield>
</datafield>
<datafield tag="336" ind1=" " ind2=" ">
<subfield code="a">text</subfield>
<subfield code="b">txt</subfield>
<subfield code="2">rdacontent</subfield>
</datafield>
<datafield tag="337" ind1=" " ind2=" ">
<subfield code="a">unmediated</subfield>
<subfield code="b">n</subfield>
<subfield code="2">rdamedia</subfield>
</datafield>
<datafield tag="338" ind1=" " ind2=" ">
<subfield code="a">volume</subfield>
<subfield code="b">nc</subfield>
<subfield code="2">rdacarrier</subfield>
</datafield>
<datafield tag="546" ind1=" " ind2=" ">
<subfield code="a">French with abstracts in French and English on back cover.</subfield>
</datafield>
<datafield tag="504" ind1=" " ind2=" ">
<subfield code="a">Includes bibliographical references (pages 103-106).</subfield>
</datafield>
<datafield tag="520" ind1=" " ind2=" ">
<subfield code="a">What is the type of binder in this mortar? How to choose the right sample to be analyzed? Can we characterize a mortar on-site? This small handbook answers these questions and many others.--</subfield>
<subfield code="c">Back cover.</subfield>
</datafield>
<datafield tag="650" ind1=" " ind2="0">
<subfield code="a">Mortar</subfield>
<subfield code="x">Analysis.</subfield>
</datafield>
<datafield tag="650" ind1=" " ind2="0">
<subfield code="a">Binders (Materials)</subfield>
<subfield code="x">Analysis.</subfield>
</datafield>
<datafield tag="650" ind1=" " ind2="0">
<subfield code="a">Archaeological chemistry.</subfield>
</datafield>
<datafield tag="650" ind1=" " ind2="7">
<subfield code="a">Archaeological chemistry.</subfield>
<subfield code="2">fast</subfield>
<subfield code="0">(OCoLC)fst00812898</subfield>
</datafield>
<datafield tag="700" ind1="1" ind2=" ">
<subfield code="a">Letourneux, Jean-Pierre,</subfield>
<subfield code="e">author.</subfield>
</datafield>
<datafield tag="700" ind1="1" ind2=" ">
<subfield code="a">Bouchar, Marie,</subfield>
<subfield code="e">author.</subfield>
</datafield>
<datafield tag="700" ind1="1" ind2=" ">
<subfield code="a">Rondot, Vincent,</subfield>
<subfield code="e">writer of preface.</subfield>
</datafield>
<datafield tag="OWN" ind1=" " ind2=" ">
<subfield code="a">GENERAL</subfield>
</datafield>
<datafield tag="AVA" ind1=" " ind2=" ">
<subfield code="a">NYU50</subfield>
<subfield code="b">NISAW</subfield>
<subfield code="c">Small Collection</subfield>
<subfield code="d">TA436 .F46 2016</subfield>
<subfield code="e">available</subfield>
<subfield code="t">Available</subfield>
<subfield code="f">1</subfield>
<subfield code="g">0</subfield>
<subfield code="h">N</subfield>
<subfield code="i">0</subfield>
<subfield code="j">SMALL</subfield>
<subfield code="k">0</subfield>
</datafield>
</record>