<record xmlns="http://www.loc.gov/MARC21/slim" xmlns:xsi="http://www.w3.org/2001/XMLSchema-instance" xsi:schemaLocation="http://www.loc.gov/MARC21/slim http://www.loc.gov/standards/marcxml/schema/MARC21slim.xsd">
<leader>00000cam a22     Ii 4500</leader>
<controlfield tag="FMT">BK</controlfield>
<controlfield tag="LDR">00000cam a22     Ii 4500</controlfield>
<controlfield tag="001">006254967</controlfield>
<controlfield tag="005">20180725141333.0</controlfield>
<controlfield tag="008">180725s2018    pl ab    b    001 0 eng d</controlfield>
<datafield tag="020" ind1=" " ind2=" ">
<subfield code="a">8394684815</subfield>
</datafield>
<datafield tag="020" ind1=" " ind2=" ">
<subfield code="a">9788394684815</subfield>
</datafield>
<datafield tag="035" ind1=" " ind2=" ">
<subfield code="a">(OCoLC)1041495528</subfield>
</datafield>
<datafield tag="040" ind1=" " ind2=" ">
<subfield code="a">YDX</subfield>
<subfield code="b">eng</subfield>
<subfield code="e">rda</subfield>
<subfield code="c">YDX</subfield>
<subfield code="d">ZYU</subfield>
</datafield>
<datafield tag="043" ind1=" " ind2=" ">
<subfield code="a">f-ua---</subfield>
<subfield code="a">mm-----</subfield>
</datafield>
<datafield tag="050" ind1=" " ind2="4">
<subfield code="a">TP59.E3</subfield>
<subfield code="b">D95 2018</subfield>
</datafield>
<datafield tag="100" ind1="1" ind2=" ">
<subfield code="a">Dzierzbicka, Dorota,</subfield>
<subfield code="e">author.</subfield>
</datafield>
<datafield tag="245" ind1="1" ind2="0">
<subfield code="6">880-01</subfield>
<subfield code="a">OINOS :</subfield>
<subfield code="b">production and import of wine in Graeco-Roman Egypt /</subfield>
<subfield code="c">Dorota Dzierzbicka.</subfield>
</datafield>
<datafield tag="246" ind1="3" ind2=" ">
<subfield code="a">Production and import of wine in Graeco-Roman Egypt</subfield>
</datafield>
<datafield tag="264" ind1=" " ind2="1">
<subfield code="a">Warsaw :</subfield>
<subfield code="b">University of Warsaw, Faculty of Law and Administration, Chair of Roman and Antique Law,</subfield>
<subfield code="c">2018.</subfield>
</datafield>
<datafield tag="300" ind1=" " ind2=" ">
<subfield code="a">527</subfield>
<subfield code="b">illustrations (some color), maps ;</subfield>
<subfield code="c">24 cm</subfield>
</datafield>
<datafield tag="336" ind1=" " ind2=" ">
<subfield code="a">text</subfield>
<subfield code="b">txt</subfield>
<subfield code="2">rdacontent</subfield>
</datafield>
<datafield tag="337" ind1=" " ind2=" ">
<subfield code="a">unmediated</subfield>
<subfield code="b">n</subfield>
<subfield code="2">rdamedia</subfield>
</datafield>
<datafield tag="338" ind1=" " ind2=" ">
<subfield code="a">volume</subfield>
<subfield code="b">nc</subfield>
<subfield code="2">rdacarrier</subfield>
</datafield>
<datafield tag="490" ind1="1" ind2=" ">
<subfield code="a">Journal of juristic papyrology. Supplements ;</subfield>
<subfield code="v">volume xxxi</subfield>
</datafield>
<datafield tag="500" ind1=" " ind2=" ">
<subfield code="a">Expansion of author's doctoral dissertation--University of Warsaw, 2011.</subfield>
</datafield>
<datafield tag="504" ind1=" " ind2=" ">
<subfield code="a">Includes bibliographical references and indexes.</subfield>
</datafield>
<datafield tag="650" ind1=" " ind2="0">
<subfield code="a">Wine and wine making</subfield>
<subfield code="z">Egypt</subfield>
<subfield code="x">History.</subfield>
</datafield>
<datafield tag="651" ind1=" " ind2="0">
<subfield code="a">Mediterranean Region</subfield>
<subfield code="x">Commerce</subfield>
<subfield code="z">Egypt</subfield>
<subfield code="x">History.</subfield>
</datafield>
<datafield tag="651" ind1=" " ind2="0">
<subfield code="a">Egypt</subfield>
<subfield code="x">History</subfield>
<subfield code="y">Greco-Roman period, 332 B.C.-640 A.D.</subfield>
</datafield>
<datafield tag="880" ind1="1" ind2="0">
<subfield code="6">245-01/</subfield>
<subfield code="a">&#927;&#921;&#925;&#927;&#931; :</subfield>
<subfield code="b">production and import of wine in Graeco-Roman Egypt /</subfield>
<subfield code="c">Dorota Dzierzbicka</subfield>
</datafield>
<datafield tag="830" ind1=" " ind2="0">
<subfield code="a">Journal of juristic papyrology.</subfield>
<subfield code="p">Supplement ;</subfield>
<subfield code="v">v. 31.</subfield>
</datafield>
<datafield tag="OWN" ind1=" " ind2=" ">
<subfield code="a">GENERAL</subfield>
</datafield>
<datafield tag="AVA" ind1=" " ind2=" ">
<subfield code="a">NYU50</subfield>
<subfield code="b">NISAW</subfield>
<subfield code="c">Small Collection</subfield>
<subfield code="d">TP59.E3 D95 2018 Non-circulating</subfield>
<subfield code="e">unavailable</subfield>
<subfield code="t">Unavailable</subfield>
<subfield code="f">1</subfield>
<subfield code="g">1</subfield>
<subfield code="h">N</subfield>
<subfield code="i">0</subfield>
<subfield code="j">SMALL</subfield>
<subfield code="k">0</subfield>
</datafield>
</record>