<record xmlns="http://www.loc.gov/MARC21/slim" xmlns:xsi="http://www.w3.org/2001/XMLSchema-instance" xsi:schemaLocation="http://www.loc.gov/MARC21/slim http://www.loc.gov/standards/marcxml/schema/MARC21slim.xsd">
<leader>00000cam a2200325 a 4500</leader>
<controlfield tag="FMT">BK</controlfield>
<controlfield tag="LDR">00000cam a2200325 a 4500</controlfield>
<controlfield tag="001">001537600</controlfield>
<controlfield tag="003">NNU</controlfield>
<controlfield tag="005">20180706111516.0</controlfield>
<controlfield tag="007">co|ugu|||a||||</controlfield>
<controlfield tag="008">990524s1999    enkabe   b    001 0 eng d</controlfield>
<datafield tag="015" ind1=" " ind2=" ">
<subfield code="a">GB99-39440</subfield>
</datafield>
<datafield tag="020" ind1=" " ind2=" ">
<subfield code="a">1850755191</subfield>
</datafield>
<datafield tag="035" ind1="9" ind2=" ">
<subfield code="a">NYUb12021516</subfield>
</datafield>
<datafield tag="035" ind1=" " ind2=" ">
<subfield code="a">(OCoLC)ocm41421387</subfield>
</datafield>
<datafield tag="040" ind1=" " ind2=" ">
<subfield code="a">UKM</subfield>
<subfield code="c">UKM</subfield>
<subfield code="d">BWE</subfield>
<subfield code="d">NNU</subfield>
</datafield>
<datafield tag="043" ind1=" " ind2=" ">
<subfield code="a">a-is---</subfield>
<subfield code="a">mm-----</subfield>
</datafield>
<datafield tag="050" ind1=" " ind2="4">
<subfield code="a">TP559.I75</subfield>
<subfield code="b">F73 1999</subfield>
</datafield>
<datafield tag="082" ind1="0" ind2="4">
<subfield code="a">663.200918220901</subfield>
<subfield code="2">21</subfield>
</datafield>
<datafield tag="100" ind1="1" ind2=" ">
<subfield code="a">Fran&#7731;el, Rafi.</subfield>
</datafield>
<datafield tag="245" ind1="1" ind2="0">
<subfield code="a">Wine and oil production in antiquity in Israel and other Mediterranean countries /</subfield>
<subfield code="c">Rafael Frankel.</subfield>
</datafield>
<datafield tag="260" ind1=" " ind2=" ">
<subfield code="a">Sheffield :</subfield>
<subfield code="b">Sheffield Academic Press,</subfield>
<subfield code="c">c1999.</subfield>
</datafield>
<datafield tag="300" ind1=" " ind2=" ">
<subfield code="a">230 p. :</subfield>
<subfield code="b">ill., maps, plans ;</subfield>
<subfield code="c">30 cm. +</subfield>
<subfield code="e">1 computer optical disc ; 4 3/4 in.</subfield>
</datafield>
<datafield tag="490" ind1="1" ind2=" ">
<subfield code="a">JSOT/ASOR monograph series ;</subfield>
<subfield code="v">10</subfield>
</datafield>
<datafield tag="500" ind1=" " ind2=" ">
<subfield code="a">ISAW copy is from the library of Lawrence E. Stager.</subfield>
<subfield code="5">NyNyUAW</subfield>
</datafield>
<datafield tag="504" ind1=" " ind2=" ">
<subfield code="a">Includes bibliographical references (p. [207]-223) and index.</subfield>
</datafield>
<datafield tag="505" ind1="2" ind2=" ">
<subfield code="g">Computer disc.</subfield>
<subfield code="g">List A.</subfield>
<subfield code="t">List of sites and installations --</subfield>
<subfield code="g">List B.</subfield>
<subfield code="t">List of installations according to type --</subfield>
<subfield code="g">List C.</subfield>
<subfield code="t">Alphabetical list of sites (site index).</subfield>
</datafield>
<datafield tag="650" ind1=" " ind2="0">
<subfield code="a">Wine industry</subfield>
<subfield code="z">Israel</subfield>
<subfield code="x">History.</subfield>
</datafield>
<datafield tag="650" ind1=" " ind2="0">
<subfield code="a">Oil industries</subfield>
<subfield code="z">Israel</subfield>
<subfield code="x">History.</subfield>
</datafield>
<datafield tag="650" ind1=" " ind2="0">
<subfield code="a">Wine industry</subfield>
<subfield code="z">Mediterranean Region</subfield>
<subfield code="x">History.</subfield>
</datafield>
<datafield tag="650" ind1=" " ind2="0">
<subfield code="a">Oil industries</subfield>
<subfield code="z">Mediterranean Region</subfield>
<subfield code="x">History.</subfield>
</datafield>
<datafield tag="651" ind1=" " ind2="7">
<subfield code="a">Palaestina.</subfield>
<subfield code="2">pleiades</subfield>
<subfield code="0">https://pleiades.stoa.org/places/687995</subfield>
<subfield code="5">NyNyUAW</subfield>
</datafield>
<datafield tag="700" ind1="1" ind2=" ">
<subfield code="a">Stager, Lawrence E.,</subfield>
<subfield code="e">former owner.</subfield>
<subfield code="5">NyNyUAW</subfield>
</datafield>
<datafield tag="740" ind1="0" ind2=" ">
<subfield code="a">Stager Collection.</subfield>
<subfield code="5">NyNyUAW</subfield>
</datafield>
<datafield tag="830" ind1=" " ind2="0">
<subfield code="a">JSOT/ASOR monograph series ;</subfield>
<subfield code="v">no. 10.</subfield>
</datafield>
<datafield tag="OWN" ind1=" " ind2=" ">
<subfield code="a">GENERAL</subfield>
</datafield>
<datafield tag="AVA" ind1=" " ind2=" ">
<subfield code="a">NYU50</subfield>
<subfield code="b">BOBST</subfield>
<subfield code="c">Main Collection</subfield>
<subfield code="d">TP559.I75 F73 1999 Oversize</subfield>
<subfield code="e">available</subfield>
<subfield code="t">Available</subfield>
<subfield code="f">2</subfield>
<subfield code="g">1</subfield>
<subfield code="h">N</subfield>
<subfield code="i">4</subfield>
<subfield code="j">MAIN</subfield>
<subfield code="k">0</subfield>
</datafield>
<datafield tag="AVA" ind1=" " ind2=" ">
<subfield code="a">NYU50</subfield>
<subfield code="b">NIFA</subfield>
<subfield code="c">Main Collection</subfield>
<subfield code="d">TP559.I75 F73 1999 Non-circulating</subfield>
<subfield code="e">unavailable</subfield>
<subfield code="t">Unavailable</subfield>
<subfield code="f">1</subfield>
<subfield code="g">1</subfield>
<subfield code="h">N</subfield>
<subfield code="i">0</subfield>
<subfield code="j">MAIN</subfield>
<subfield code="k">0</subfield>
</datafield>
<datafield tag="AVA" ind1=" " ind2=" ">
<subfield code="a">NYU50</subfield>
<subfield code="b">NISAW</subfield>
<subfield code="c">Large Collection</subfield>
<subfield code="d">TP559.I75 F73 1999 Non-circulating</subfield>
<subfield code="e">available</subfield>
<subfield code="t">Available</subfield>
<subfield code="f">1</subfield>
<subfield code="g">0</subfield>
<subfield code="h">N</subfield>
<subfield code="i">0</subfield>
<subfield code="j">LARGE</subfield>
<subfield code="k">0</subfield>
</datafield>
</record>