<record xmlns="http://www.loc.gov/MARC21/slim" xmlns:xsi="http://www.w3.org/2001/XMLSchema-instance" xsi:schemaLocation="http://www.loc.gov/MARC21/slim http://www.loc.gov/standards/marcxml/schema/MARC21slim.xsd">
<leader>00000cam a22     I  4500</leader>
<controlfield tag="FMT">BK</controlfield>
<controlfield tag="LDR">00000cam a22     I  4500</controlfield>
<controlfield tag="001">006254207</controlfield>
<controlfield tag="005">20180723153408.0</controlfield>
<controlfield tag="008">180723s1900    enkh          000 0 eng</controlfield>
<datafield tag="010" ind1=" " ind2=" ">
<subfield code="a">   01021298</subfield>
</datafield>
<datafield tag="035" ind1=" " ind2=" ">
<subfield code="a">(OCoLC)2744351</subfield>
<subfield code="z">(OCoLC)1008058188</subfield>
</datafield>
<datafield tag="040" ind1=" " ind2=" ">
<subfield code="a">DLC</subfield>
<subfield code="b">eng</subfield>
<subfield code="c">TJC</subfield>
<subfield code="d">OCL</subfield>
<subfield code="d">SER</subfield>
<subfield code="d">OCL</subfield>
<subfield code="d">PBE</subfield>
<subfield code="d">OCLCG</subfield>
<subfield code="d">STF</subfield>
<subfield code="d">ZWZ</subfield>
<subfield code="d">EUM</subfield>
<subfield code="d">OCLCQ</subfield>
<subfield code="d">OCLCO</subfield>
<subfield code="d">OCLCF</subfield>
<subfield code="d">J9U</subfield>
<subfield code="d">NLC</subfield>
<subfield code="d">OCLCQ</subfield>
<subfield code="d">NNU</subfield>
</datafield>
<datafield tag="050" ind1="0" ind2="4">
<subfield code="a">Z7771.M3</subfield>
<subfield code="b">B8 1900</subfield>
</datafield>
<datafield tag="051" ind1=" " ind2=" ">
<subfield code="a">Z7771.M3</subfield>
<subfield code="b">B8</subfield>
<subfield code="c">Copy 2.</subfield>
</datafield>
<datafield tag="082" ind1="0" ind2="4">
<subfield code="a">220.4</subfield>
<subfield code="b">K42f 1900</subfield>
</datafield>
<datafield tag="110" ind1="2" ind2=" ">
<subfield code="a">British Museum.</subfield>
<subfield code="b">Department of Manuscripts.</subfield>
</datafield>
<datafield tag="245" ind1="1" ind2="0">
<subfield code="a">Facsimiles of Biblical manuscripts in the British Museum;</subfield>
<subfield code="c">ed. by Frederic G. Kenyon ...</subfield>
</datafield>
<datafield tag="246" ind1="3" ind2=" ">
<subfield code="a">Biblical manuscripts in the British Museum</subfield>
</datafield>
<datafield tag="260" ind1=" " ind2=" ">
<subfield code="a">London,</subfield>
<subfield code="b">Printed by order of the Trustees,</subfield>
<subfield code="c">1900.</subfield>
</datafield>
<datafield tag="300" ind1=" " ind2=" ">
<subfield code="a">49</subfield>
<subfield code="b">25 facsimile</subfield>
<subfield code="c">40 x 29 cm</subfield>
</datafield>
<datafield tag="336" ind1=" " ind2=" ">
<subfield code="a">text</subfield>
<subfield code="b">txt</subfield>
<subfield code="2">rdacontent</subfield>
</datafield>
<datafield tag="337" ind1=" " ind2=" ">
<subfield code="a">unmediated</subfield>
<subfield code="b">n</subfield>
<subfield code="2">rdamedia</subfield>
</datafield>
<datafield tag="338" ind1=" " ind2=" ">
<subfield code="a">volume</subfield>
<subfield code="b">nc</subfield>
<subfield code="2">rdacarrier</subfield>
</datafield>
<datafield tag="500" ind1=" " ind2=" ">
<subfield code="a">ISAW copy is from the library of David I. Owen.</subfield>
<subfield code="5">NyNyUAW</subfield>
</datafield>
<datafield tag="500" ind1=" " ind2=" ">
<subfield code="a">ISAW copy is missing plates I-IV.</subfield>
<subfield code="5">NyNyUA</subfield>
</datafield>
<datafield tag="630" ind1="0" ind2="0">
<subfield code="a">Bible</subfield>
<subfield code="v">Manuscripts</subfield>
<subfield code="v">Facsimiles.</subfield>
</datafield>
<datafield tag="610" ind1="2" ind2="7">
<subfield code="a">British museum (Londres).</subfield>
<subfield code="b">Department of manuscripts</subfield>
<subfield code="x">Catalogues.</subfield>
<subfield code="2">ram</subfield>
</datafield>
<datafield tag="630" ind1="0" ind2="7">
<subfield code="a">Bible</subfield>
<subfield code="x">Manuscrits</subfield>
<subfield code="x">Fac-simile&#769;s</subfield>
<subfield code="x">Catalogues.</subfield>
<subfield code="2">ram</subfield>
</datafield>
<datafield tag="630" ind1="0" ind2="7">
<subfield code="a">Bible.</subfield>
<subfield code="2">fast</subfield>
<subfield code="0">(OCoLC)fst01356024</subfield>
</datafield>
<datafield tag="630" ind1="0" ind2="4">
<subfield code="a">Bible</subfield>
<subfield code="v">Manuscripts</subfield>
<subfield code="v">Facsimiles.</subfield>
</datafield>
<datafield tag="630" ind1="0" ind2="4">
<subfield code="a">New Testament</subfield>
<subfield code="v">Manuscripts</subfield>
<subfield code="v">Facsimiles.</subfield>
</datafield>
<datafield tag="650" ind1=" " ind2="7">
<subfield code="a">Manuscrits</subfield>
<subfield code="x">Fac-simile&#769;s</subfield>
<subfield code="x">Catalogues.</subfield>
<subfield code="2">ram</subfield>
</datafield>
<datafield tag="655" ind1=" " ind2="7">
<subfield code="a">Facsimiles.</subfield>
<subfield code="2">fast</subfield>
<subfield code="0">(OCoLC)fst01411642</subfield>
</datafield>
<datafield tag="655" ind1=" " ind2="7">
<subfield code="a">Manuscripts.</subfield>
<subfield code="2">fast</subfield>
<subfield code="0">(OCoLC)fst01424060</subfield>
</datafield>
<datafield tag="700" ind1="1" ind2=" ">
<subfield code="a">Kenyon, Frederic G.</subfield>
<subfield code="q">(Frederic George),</subfield>
<subfield code="c">Sir,</subfield>
<subfield code="d">1863-1952,</subfield>
<subfield code="e">editor.</subfield>
</datafield>
<datafield tag="700" ind1="1" ind2=" ">
<subfield code="a">Owen, David I.,</subfield>
<subfield code="e">former owner.</subfield>
<subfield code="5">NyNyUAW</subfield>
</datafield>
<datafield tag="740" ind1="0" ind2=" ">
<subfield code="a">Owen Collection.</subfield>
<subfield code="5">NyNyUAW</subfield>
</datafield>
<datafield tag="776" ind1="0" ind2="8">
<subfield code="i">Online version:</subfield>
<subfield code="a">British Museum. Department of Manuscripts.</subfield>
<subfield code="t">Facsimiles of Biblical manuscripts in the British Museum.</subfield>
<subfield code="d">London, Printed by order of the Trustees, 1900</subfield>
<subfield code="w">(OCoLC)768065594</subfield>
</datafield>
<datafield tag="OWN" ind1=" " ind2=" ">
<subfield code="a">GENERAL</subfield>
</datafield>
<datafield tag="AVA" ind1=" " ind2=" ">
<subfield code="a">NYU50</subfield>
<subfield code="b">NISAW</subfield>
<subfield code="c">Oversize Collection</subfield>
<subfield code="d">Z7771.M3 B8 1900</subfield>
<subfield code="e">unavailable</subfield>
<subfield code="t">Unavailable</subfield>
<subfield code="f">1</subfield>
<subfield code="g">1</subfield>
<subfield code="h">N</subfield>
<subfield code="i">0</subfield>
<subfield code="j">OVERZ</subfield>
<subfield code="k">0</subfield>
</datafield>
</record>