<record xmlns="http://www.loc.gov/MARC21/slim" xmlns:xsi="http://www.w3.org/2001/XMLSchema-instance" xsi:schemaLocation="http://www.loc.gov/MARC21/slim http://www.loc.gov/standards/marcxml/schema/MARC21slim.xsd">
<leader>00000nam a22     Ii 4500</leader>
<controlfield tag="FMT">BK</controlfield>
<controlfield tag="LDR">00000nam a22     Ii 4500</controlfield>
<controlfield tag="001">006256251</controlfield>
<controlfield tag="005">20180730103857.0</controlfield>
<controlfield tag="008">180730s2013    ru c     b    010 0 rus d</controlfield>
<datafield tag="035" ind1=" " ind2=" ">
<subfield code="a">(OCoLC)1046634832</subfield>
</datafield>
<datafield tag="040" ind1=" " ind2=" ">
<subfield code="a">ZYU</subfield>
<subfield code="b">eng</subfield>
<subfield code="e">rda</subfield>
<subfield code="c">ZYU</subfield>
</datafield>
<datafield tag="050" ind1=" " ind2="4">
<subfield code="a">Z8551.62</subfield>
<subfield code="b">.M37 2013</subfield>
</datafield>
<datafield tag="245" ind1="0" ind2="0">
<subfield code="6">880-01</subfield>
<subfield code="a">Martynov Anatoli&#301; Ivanovich, Zasluzhenny&#301; dei&#865;atel&#697; nauki Rossi&#301;sko&#301; Federat&#865;sii, Akademik RAEN, Doktor istoricheskikh nauk, professor Kemerovskogo gosudarstvennogo universiteta, Glavny&#301; spet&#865;sialist muzei&#865;a-zapovednika "Tomskai&#865;a Pisanit&#865;sa" :</subfield>
<subfield code="b">bibliografii&#865;a trudov; k i&#865;ubilei&#865;u uchenogo /</subfield>
<subfield code="c">sost. R.N. Ga&#301;nutdinova [and others].</subfield>
</datafield>
<datafield tag="264" ind1=" " ind2="1">
<subfield code="6">880-02</subfield>
<subfield code="a">Kemerovo : Primula,</subfield>
<subfield code="c">2013.</subfield>
</datafield>
<datafield tag="300" ind1=" " ind2=" ">
<subfield code="a">87 pages :</subfield>
<subfield code="b">portrait,</subfield>
<subfield code="c">21 cm</subfield>
</datafield>
<datafield tag="336" ind1=" " ind2=" ">
<subfield code="a">text</subfield>
<subfield code="b">txt</subfield>
<subfield code="2">rdacontent</subfield>
</datafield>
<datafield tag="337" ind1=" " ind2=" ">
<subfield code="a">unmediated</subfield>
<subfield code="b">n</subfield>
<subfield code="2">rdamedia</subfield>
</datafield>
<datafield tag="338" ind1=" " ind2=" ">
<subfield code="a">volume</subfield>
<subfield code="b">nc</subfield>
<subfield code="2">rdacarrier</subfield>
</datafield>
<datafield tag="500" ind1=" " ind2=" ">
<subfield code="6">880-03</subfield>
<subfield code="a">At head of title: Gosudarstvennoe avtonomonoe uchrezhdenie kul&#697;tury Kemerovsko&#301; oblasti "Istoriko-kul&#697;turny&#301; i prirodny&#301; muze&#301;-zapovednik "Tomskai&#865;a Pisanit&#865;sa" and other.</subfield>
</datafield>
<datafield tag="500" ind1=" " ind2=" ">
<subfield code="6">880-04</subfield>
<subfield code="a">"Nauchnoe izdanie"--Colophon.</subfield>
</datafield>
<datafield tag="500" ind1=" " ind2=" ">
<subfield code="a">"Bibliografii&#865;a [.....] posvi&#865;ashchena 80-letii&#865;u so dni&#865;a rozhdenii&#865;a izvestnogo uchenogo"--T.p. verso.</subfield>
</datafield>
<datafield tag="600" ind1="1" ind2="0">
<subfield code="6">880-05</subfield>
<subfield code="a">Martynov, A. I.</subfield>
<subfield code="q">(Anatoli&#301; Ivanovich)</subfield>
<subfield code="v">Bibliography.</subfield>
</datafield>
<datafield tag="651" ind1=" " ind2="0">
<subfield code="a">Siberia (Russia)</subfield>
<subfield code="x">Antiquities</subfield>
<subfield code="x">Bibliography.</subfield>
</datafield>
<datafield tag="700" ind1="1" ind2=" ">
<subfield code="6">880-06</subfield>
<subfield code="a">Ga&#301;nutdinova, R.N.,</subfield>
<subfield code="e">compiler.</subfield>
</datafield>
<datafield tag="710" ind1="2" ind2=" ">
<subfield code="6">880-07</subfield>
<subfield code="a">Muze&#301;-zapovednik "Tomskai&#865;a pisanit&#865;sa",</subfield>
<subfield code="e">sponsoring body.</subfield>
</datafield>
<datafield tag="880" ind1="0" ind2="0">
<subfield code="6">245-01/</subfield>
<subfield code="a">Ma&#1088;&#1090;&#1099;&#1085;&#1086;&#1074; &#1040;&#1085;&#1072;&#1090;&#1086;&#1083;&#1080;&#1081; &#1048;&#1074;&#1072;&#1085;&#1086;&#1074;&#1080;&#1095;, &#1047;&#1072;&#1089;&#1083;&#1091;&#1078;&#1077;&#1085;&#1085;&#1099;&#1081; &#1076;&#1077;&#1103;&#1090;&#1077;&#1083;&#1100; &#1085;&#1072;&#1091;&#1082;&#1080; &#1056;&#1086;&#1089;&#1089;&#1080;&#1081;&#1089;&#1082;&#1086;&#1081; &#1060;&#1077;&#1076;&#1077;&#1088;&#1072;&#1094;&#1080;&#1080;, &#1040;&#1082;&#1072;&#1076;&#1077;&#1084;&#1080;&#1082; &#1056;&#1040;&#1045;&#1053;, &#1044;&#1086;&#1082;&#1090;&#1086;&#1088; &#1080;&#1089;&#1090;&#1086;&#1088;&#1080;&#1095;&#1077;&#1089;&#1082;&#1080;&#1093; &#1085;&#1072;&#1091;&#1082;, &#1087;&#1088;&#1086;&#1092;&#1077;&#1089;&#1089;&#1086;&#1088; &#1050;&#1077;&#1084;&#1077;&#1088;&#1086;&#1074;&#1089;&#1082;&#1086;&#1075;&#1086; &#1075;&#1086;&#1089;&#1091;&#1076;&#1072;&#1088;&#1089;&#1090;&#1074;&#1077;&#1085;&#1085;&#1086;&#1075;&#1086; &#1091;&#1085;&#1080;&#1074;&#1077;&#1088;&#1089;&#1080;&#1090;&#1077;&#1090;&#1072;, &#1043;&#1083;&#1072;&#1074;&#1085;&#1099;&#1081; &#1089;&#1087;&#1077;&#1094;&#1080;&#1072;&#1083;&#1080;&#1089;&#1090; &#1084;&#1091;&#1079;&#1077;&#1103;-&#1079;&#1072;&#1087;&#1086;&#1074;&#1077;&#1076;&#1085;&#1080;&#1082;&#1072; "&#1058;&#1086;&#1084;&#1089;&#1082;&#1072;&#1103; &#1055;&#1080;&#1089;&#1072;&#1085;&#1080;&#1094;&#1072;" :</subfield>
<subfield code="b">&#1073;&#1080;&#1073;&#1083;&#1080;&#1086;&#1075;&#1088;&#1072;&#1092;&#1080;&#1103; &#1090;&#1088;&#1091;&#1076;&#1086;&#1074;; &#1082; &#1102;&#1073;&#1080;&#1083;&#1077;&#1102; &#1091;&#1095;&#1077;&#1085;&#1086;&#1075;&#1086; /</subfield>
<subfield code="c">&#1089;&#1086;&#1089;&#1090;. &#1056;.&#1053;. &#1043;&#1072;&#1081;&#1085;&#1091;&#1090;&#1076;&#1080;&#1085;&#1086;&#1074;a [and others].</subfield>
</datafield>
<datafield tag="880" ind1=" " ind2="1">
<subfield code="6">264-02/</subfield>
<subfield code="a">&#1050;&#1077;&#1084;&#1077;&#1088;&#1086;&#1074;&#1086; : &#1055;&#1088;&#1080;&#1084;&#1091;&#1083;&#1072;,</subfield>
<subfield code="c">2013.</subfield>
</datafield>
<datafield tag="880" ind1=" " ind2=" ">
<subfield code="6">500-03/</subfield>
<subfield code="a">&#1040;t head of tile: &#1043;&#1086;&#1089;&#1091;&#1076;&#1072;&#1088;&#1089;&#1090;&#1074;&#1077;&#1085;&#1085;&#1086;&#1077; &#1072;&#1074;&#1090;&#1086;&#1085;&#1086;&#1084;&#1086;&#1085;&#1086;&#1077; &#1091;&#1095;&#1088;&#1077;&#1078;&#1076;&#1077;&#1085;&#1080;&#1077; &#1082;&#1091;&#1083;&#1100;&#1090;&#1091;&#1088;&#1099; &#1050;&#1077;&#1084;&#1077;&#1088;&#1086;&#1074;&#1089;&#1082;&#1086;&#1081; &#1086;&#1073;&#1083;&#1072;&#1089;&#1090;&#1080; "&#1048;&#1089;&#1090;&#1086;&#1088;&#1080;&#1082;&#1086;-&#1082;&#1091;&#1083;&#1100;&#1090;&#1091;&#1088;&#1085;&#1099;&#1081; &#1080; &#1087;&#1088;&#1080;&#1088;&#1086;&#1076;&#1085;&#1099;&#1081; &#1084;&#1091;&#1079;&#1077;&#1081;-&#1079;&#1072;&#1087;&#1086;&#1074;&#1077;&#1076;&#1085;&#1080;&#1082; "&#1058;&#1086;&#1084;&#1089;&#1082;&#1072;&#1103; &#1055;&#1080;&#1089;&#1072;&#1085;&#1080;&#1094;&#1072;" &#1072;nd other.</subfield>
</datafield>
<datafield tag="880" ind1=" " ind2=" ">
<subfield code="6">500-04/</subfield>
<subfield code="a">"&#1053;&#1072;&#1091;&#1095;&#1085;&#1086;&#1077; &#1080;&#1079;&#1076;&#1072;&#1085;&#1080;&#1077;"--Colophon.</subfield>
</datafield>
<datafield tag="880" ind1="1" ind2="0">
<subfield code="6">600-05/</subfield>
<subfield code="a">&#1052;&#1072;&#1088;&#1090;&#1099;&#1085;&#1086;&#1074;, &#1040;. &#1048;.</subfield>
<subfield code="q">(&#1040;&#1085;&#1072;&#1090;&#1086;&#1083;&#1080;&#1081; &#1048;&#1074;&#1072;&#1085;&#1086;&#1074;&#1080;&#1095;),</subfield>
<subfield code="v">Bibliography.</subfield>
</datafield>
<datafield tag="880" ind1="1" ind2=" ">
<subfield code="6">700-06/</subfield>
<subfield code="a">&#1043;&#1072;&#1081;&#1085;&#1091;&#1090;&#1076;&#1080;&#1085;&#1086;&#1074;&#1072;, &#1056;.&#1053;.,</subfield>
<subfield code="c">ompiler.</subfield>
</datafield>
<datafield tag="880" ind1="2" ind2=" ">
<subfield code="6">710-07/</subfield>
<subfield code="a">&#1052;&#1091;&#1079;&#1077;&#1081;-&#1079;&#1072;&#1087;&#1086;&#1074;&#1077;&#1076;&#1085;&#1080;&#1082; "&#1058;&#1086;&#1084;&#1089;&#1082;&#1072;&#1103; &#1087;&#1080;&#1089;&#1072;&#1085;&#1080;&#1094;&#1072;.",</subfield>
<subfield code="e">sponsoring body</subfield>
</datafield>
<datafield tag="OWN" ind1=" " ind2=" ">
<subfield code="a">GENERAL</subfield>
</datafield>
<datafield tag="AVA" ind1=" " ind2=" ">
<subfield code="a">NYU50</subfield>
<subfield code="b">NISAW</subfield>
<subfield code="c">Small Collection</subfield>
<subfield code="d">Z8551.62 .M37 2013 Non-circulating</subfield>
<subfield code="e">unavailable</subfield>
<subfield code="t">Unavailable</subfield>
<subfield code="f">1</subfield>
<subfield code="g">1</subfield>
<subfield code="h">N</subfield>
<subfield code="i">0</subfield>
<subfield code="j">SMALL</subfield>
<subfield code="k">0</subfield>
</datafield>
</record>